<?xml version="1.0" encoding="UTF-8"?>
<!DOCTYPE html PUBLIC "-//W3C//DTD XHTML 1.0 Transitional//EN"
    "http://www.w3.org/TR/xhtml1/DTD/xhtml1-transitional.dtd">
<html xmlns="http://www.w3.org/1999/xhtml" xml:lang="en" lang="en">
 <head>
  <title>
</title>
<meta http-equiv="Content-Type" content="text/html;charset=utf-8" />
  <meta name='ocr-system' content='tesseract 3.04.00' />
  <meta name='ocr-capabilities' content='ocr_page ocr_carea ocr_par ocr_line ocrx_word'/>
</head>
<body>
  <div class='ocr_page' id='page_1' title='image "./speciesplantarum01linn_0112.png"; bbox 0 0 1964 3640; ppageno 0'>
   <div class='ocr_carea' id='block_1_1' title="bbox 157 89 1464 189">
    <p class='ocr_par' dir='ltr' id='par_1_1' title="bbox 157 89 1464 189">
     <span class='ocr_line' id='line_1_1' title="bbox 157 89 1464 189; baseline -0.007 -5"><span class='ocrx_word' id='word_1_1' title='bbox 157 132 227 184; x_wconf 87' lang='lat'>96</span> <span class='ocrx_word' id='word_1_2' title='bbox 548 127 977 189; x_wconf 83' lang='lat' dir='ltr'><strong>MONANDRIA</strong></span> <span class='ocrx_word' id='word_1_3' title='bbox 1004 89 1464 181; x_wconf 48' lang='lat' dir='ltr'>&#39;MoNoGYNIA</span> 
     </span>
    </p>
   </div>
   <div class='ocr_carea' id='block_1_2' title="bbox 199 278 1878 730">
    <p class='ocr_par' dir='ltr' id='par_1_2' title="bbox 204 278 1877 398">
     <span class='ocr_line' id='line_1_2' title="bbox 204 278 1877 340; baseline -0.007 -8"><span class='ocrx_word' id='word_1_4' title='bbox 204 334 207 337; x_wconf 74' lang='grc'><strong>,</strong></span> <span class='ocrx_word' id='word_1_5' title='bbox 358 286 514 331; x_wconf 84' lang='lat' dir='ltr'>Arbor</span> <span class='ocrx_word' id='word_1_6' title='bbox 538 291 690 332; x_wconf 79' lang='lat'>15-20</span> <span class='ocrx_word' id='word_1_7' title='bbox 714 283 820 340; x_wconf 89' lang='lat' dir='ltr'>ped.</span> <span class='ocrx_word' id='word_1_8' title='bbox 837 284 970 324; x_wconf 90' lang='lat' dir='ltr'>altus.</span> <span class='ocrx_word' id='word_1_9' title='bbox 1012 279 1145 332; x_wconf 77' lang='lat' dir='ltr'>Rami</span> <span class='ocrx_word' id='word_1_10' title='bbox 1166 279 1701 336; x_wconf 84' lang='lat' dir='ltr'>villoso-pubescentes.</span> <span class='ocrx_word' id='word_1_11' title='bbox 1745 278 1877 322; x_wconf 88' lang='lat' dir='ltr'>Folia</span> 
     </span>
     <span class='ocr_line' id='line_1_3' title="bbox 244 331 1875 398; baseline -0.006 -11"><span class='ocrx_word' id='word_1_12' title='bbox 244 344 469 398; x_wconf 81' lang='lat' dir='ltr'>disticha,</span> <span class='ocrx_word' id='word_1_13' title='bbox 500 343 773 386; x_wconf 79' lang='lat' dir='ltr'>brevissime</span> <span class='ocrx_word' id='word_1_14' title='bbox 803 340 1036 395; x_wconf 87' lang='lat' dir='ltr'>petiolata,</span> <span class='ocrx_word' id='word_1_15' title='bbox 1071 337 1294 394; x_wconf 86' lang='lat' dir='ltr'>utrinque</span> <span class='ocrx_word' id='word_1_16' title='bbox 1325 336 1504 388; x_wconf 83' lang='lat' dir='ltr'>obtusa,</span> <span class='ocrx_word' id='word_1_17' title='bbox 1539 342 1676 394; x_wconf 80' lang='lat' dir='ltr'>Supra</span> <span class='ocrx_word' id='word_1_18' title='bbox 1701 331 1875 395; x_wconf 77' lang='lat' dir='ltr'>glabra,</span> 
     </span>
    </p>

    <p class='ocr_par' dir='ltr' id='par_1_3' title="bbox 199 393 1878 730">
     <span class='ocr_line' id='line_1_4' title="bbox 199 393 1873 458; baseline -0.005 -13"><span class='ocrx_word' id='word_1_19' title='bbox 199 437 202 440; x_wconf 20' lang='grc' dir='ltr'><strong>Α</strong></span> <span class='ocrx_word' id='word_1_20' title='bbox 243 402 407 445; x_wconf 86' lang='lat' dir='ltr'><strong>subtus</strong></span> <span class='ocrx_word' id='word_1_21' title='bbox 428 399 742 458; x_wconf 77' lang='lat' dir='ltr'>pubescentia.</span> <span class='ocrx_word' id='word_1_22' title='bbox 772 395 1116 438; x_wconf 88' lang='lat' dir='ltr'>Inflorescentia</span> <span class='ocrx_word' id='word_1_23' title='bbox 1134 402 1184 436; x_wconf 82' lang='lat' dir='ltr'>et</span> <span class='ocrx_word' id='word_1_24' title='bbox 1201 394 1400 449; x_wconf 90' lang='lat' dir='ltr'>stipulae</span> <span class='ocrx_word' id='word_1_25' title='bbox 1417 401 1468 435; x_wconf 85' lang='lat' dir='ltr'>ut</span> <span class='ocrx_word' id='word_1_26' title='bbox 1487 393 1542 434; x_wconf 84' lang='lat' dir='ltr'>in·</span> <span class='ocrx_word' id='word_1_27' title='bbox 1555 395 1873 450; x_wconf 86' lang='lat' dir='ltr'>praecedente.</span> 
     </span>
     <span class='ocr_line' id='line_1_5' title="bbox 243 449 1877 514; baseline -0.006 -12"><span class='ocrx_word' id='word_1_28' title='bbox 243 462 393 514; x_wconf 78' lang='lat' dir='ltr'>calyx</span> <span class='ocrx_word' id='word_1_29' title='bbox 436 458 635 500; x_wconf 75' lang='lat' dir='ltr'>tenuiter</span> <span class='ocrx_word' id='word_1_30' title='bbox 680 453 963 512; x_wconf 83' lang='lat' dir='ltr'><strong>pubescens,</strong></span> <span class='ocrx_word' id='word_1_31' title='bbox 1023 452 1190 508; x_wconf 86' lang='lat' dir='ltr'>phylla</span> <span class='ocrx_word' id='word_1_32' title='bbox 1233 458 1430 508; x_wconf 88' lang='lat' dir='ltr'>quatuor</span> <span class='ocrx_word' id='word_1_33' title='bbox 1477 449 1661 493; x_wconf 88' lang='lat' dir='ltr'>minora</span> <span class='ocrx_word' id='word_1_34' title='bbox 1702 451 1877 507; x_wconf 89' lang='lat' dir='ltr'>pallide</span> 
     </span>
     <span class='ocr_line' id='line_1_6' title="bbox 241 501 1874 571; baseline -0.006 -13"><span class='ocrx_word' id='word_1_35' title='bbox 241 516 464 566; x_wconf 84' lang='lat' dir='ltr'>virentia,</span> <span class='ocrx_word' id='word_1_36' title='bbox 524 513 741 571; x_wconf 90' lang='lat' dir='ltr'>quintum</span> <span class='ocrx_word' id='word_1_37' title='bbox 803 513 910 566; x_wconf 89' lang='lat' dir='ltr'>plus</span> <span class='ocrx_word' id='word_1_38' title='bbox 964 524 1107 567; x_wconf 87' lang='lat' dir='ltr'>quam</span> <span class='ocrx_word' id='word_1_39' title='bbox 1159 508 1305 565; x_wconf 88' lang='lat' dir='ltr'>duplo</span> <span class='ocrx_word' id='word_1_40' title='bbox 1361 507 1549 565; x_wconf 83' lang='lat' dir='ltr'>longius</span> <span class='ocrx_word' id='word_1_41' title='bbox 1607 501 1874 566; x_wconf 56' lang='lat' dir='ltr'>oblongum,</span> 
     </span>
     <span class='ocr_line' id='line_1_7' title="bbox 244 562 1876 621; baseline -0.006 -4"><span class='ocrx_word' id='word_1_42' title='bbox 244 575 598 621; x_wconf 87' lang='lat' dir='ltr'>ochroleucum,</span> <span class='ocrx_word' id='word_1_43' title='bbox 646 569 782 611; x_wconf 85' lang='lat' dir='ltr'>dorso</span> <span class='ocrx_word' id='word_1_44' title='bbox 825 567 1079 618; x_wconf 84' lang='lat' dir='ltr'>virescens,</span> <span class='ocrx_word' id='word_1_45' title='bbox 1120 565 1220 607; x_wconf 83' lang='lat' dir='ltr'>basi</span> <span class='ocrx_word' id='word_1_46' title='bbox 1267 564 1318 605; x_wconf 92' lang='lat' dir='ltr'>in</span> <span class='ocrx_word' id='word_1_47' title='bbox 1370 567 1518 606; x_wconf 82' lang='lat' dir='ltr'>calcar</span> <span class='ocrx_word' id='word_1_48' title='bbox 1559 562 1876 607; x_wconf 82' lang='lat' dir='ltr'>bursaeforme</span> 
     </span>
     <span class='ocr_line' id='line_1_8' title="bbox 242 621 1878 682; baseline -0.006 -10"><span class='ocrx_word' id='word_1_49' title='bbox 242 630 462 673; x_wconf 89' lang='lat' dir='ltr'>obtusum</span> <span class='ocrx_word' id='word_1_50' title='bbox 498 641 664 682; x_wconf 85' lang='lat' dir='ltr'>parum</span> <span class='ocrx_word' id='word_1_51' title='bbox 705 633 948 668; x_wconf 85' lang='lat' dir='ltr'>curvatum</span> <span class='ocrx_word' id='word_1_52' title='bbox 989 638 1129 681; x_wconf 89' lang='lat' dir='ltr'>quam</span> <span class='ocrx_word' id='word_1_53' title='bbox 1169 622 1220 664; x_wconf 91' lang='lat' dir='ltr'>in</span> <span class='ocrx_word' id='word_1_54' title='bbox 1248 622 1546 677; x_wconf 70' lang='lat' dir='ltr'>praecedente</span> <span class='ocrx_word' id='word_1_55' title='bbox 1574 621 1762 677; x_wconf 79' lang='lat' dir='ltr'>longius</span> <span class='ocrx_word' id='word_1_56' title='bbox 1791 637 1878 665; x_wconf 86' lang='lat' dir='ltr'>ex-</span> 
     </span>
     <span class='ocr_line' id='line_1_9' title="bbox 241 678 1796 730; baseline -0.006 -1"><span class='ocrx_word' id='word_1_57' title='bbox 241 700 445 730; x_wconf 89' lang='lat' dir='ltr'>currens.</span> <span class='ocrx_word' id='word_1_58' title='bbox 503 686 710 727; x_wconf 87' lang='lat' dir='ltr'>Petalum</span> <span class='ocrx_word' id='word_1_59' title='bbox 745 683 1074 726; x_wconf 88' lang='lat' dir='ltr'>ochroleucum</span> <span class='ocrx_word' id='word_1_60' title='bbox 1104 694 1212 723; x_wconf 91' lang='lat' dir='ltr'>cum</span> <span class='ocrx_word' id='word_1_61' title='bbox 1239 679 1365 722; x_wconf 87' lang='lat' dir='ltr'>linea</span> <span class='ocrx_word' id='word_1_62' title='bbox 1393 678 1516 723; x_wconf 84' lang='lat' dir='ltr'>flava</span> <span class='ocrx_word' id='word_1_63' title='bbox 1541 678 1594 721; x_wconf 89' lang='lat' dir='ltr'>in</span> <span class='ocrx_word' id='word_1_64' title='bbox 1621 679 1796 722; x_wconf 84' lang='lat' dir='ltr'>medio.</span> 
     </span>
    </p>
   </div>
   <div class='ocr_carea' id='block_1_3' title="bbox 155 767 1167 839">
    <p class='ocr_par' dir='ltr' id='par_1_4' title="bbox 155 767 1167 839">
     <span class='ocr_line' id='line_1_10' title="bbox 155 767 1167 839; baseline -0.01 -11"><span class='ocrx_word' id='word_1_65' title='bbox 155 777 207 828; x_wconf 83' lang='lat'>3.</span> <span class='ocrx_word' id='word_1_66' title='bbox 244 774 678 825; x_wconf 79' lang='lat' dir='ltr'>CALLrsTHENE</span> <span class='ocrx_word' id='word_1_67' title='bbox 705 767 940 839; x_wconf 77' lang='lat' dir='ltr'>fascic</span> <span class='ocrx_word' id='word_1_68' title='bbox 953 789 992 820; x_wconf 77' lang='lat' dir='ltr'>a</span> <span class='ocrx_word' id='word_1_69' title='bbox 1005 768 1167 818; x_wconf 75' lang='lat' dir='ltr'>lata.</span> 
     </span>
    </p>
   </div>
   <div class='ocr_carea' id='block_1_4' title="bbox 247 848 1878 1242">
    <p class='ocr_par' dir='ltr' id='par_1_5' title="bbox 250 848 1878 982">
     <span class='ocr_line' id='line_1_11' title="bbox 250 848 1878 922; baseline -0.005 -11"><span class='ocrx_word' id='word_1_70' title='bbox 250 865 306 912; x_wconf 88' lang='lat' dir='ltr'>C.</span> <span class='ocrx_word' id='word_1_71' title='bbox 337 848 470 914; x_wconf 83' lang='lat' dir='ltr'>foliis</span> <span class='ocrx_word' id='word_1_72' title='bbox 503 861 917 922; x_wconf 83' lang='lat' dir='ltr'>ovato—oblongis</span> <span class='ocrx_word' id='word_1_73' title='bbox 953 859 1134 906; x_wconf 88' lang='lat' dir='ltr'>obtusis</span> <span class='ocrx_word' id='word_1_74' title='bbox 1170 857 1570 919; x_wconf 81' lang='lat' dir='ltr'>subemarginatis</span> <span class='ocrx_word' id='word_1_75' title='bbox 1595 872 1743 919; x_wconf 83' lang='lat' dir='ltr'>supra</span> <span class='ocrx_word' id='word_1_76' title='bbox 1771 855 1878 918; x_wconf 87' lang='lat' dir='ltr'>gla-</span> 
     </span>
     <span class='ocr_line' id='line_1_12' title="bbox 344 920 1784 982; baseline -0.006 -8"><span class='ocrx_word' id='word_1_77' title='bbox 344 928 446 974; x_wconf 80' lang='lat' dir='ltr'>bris</span> <span class='ocrx_word' id='word_1_78' title='bbox 480 929 648 973; x_wconf 82' lang='lat' dir='ltr'>subtus</span> <span class='ocrx_word' id='word_1_79' title='bbox 686 925 889 982; x_wconf 89' lang='lat' dir='ltr'>villosis,</span> <span class='ocrx_word' id='word_1_80' title='bbox 922 924 1123 970; x_wconf 84' lang='lat' dir='ltr'>floribus</span> <span class='ocrx_word' id='word_1_81' title='bbox 1158 922 1441 968; x_wconf 86' lang='lat' dir='ltr'>axillaribus</span> <span class='ocrx_word' id='word_1_82' title='bbox 1476 920 1784 967; x_wconf 78' lang='lat' dir='ltr'>fasciculatis.</span> 
     </span>
    </p>

    <p class='ocr_par' dir='ltr' id='par_1_6' title="bbox 247 984 1878 1049">
     <span class='ocr_line' id='line_1_13' title="bbox 247 984 1878 1049; baseline -0.005 -10"><span class='ocrx_word' id='word_1_83' title='bbox 247 992 304 1040; x_wconf 89' lang='lat' dir='ltr'>C.</span> <span class='ocrx_word' id='word_1_84' title='bbox 337 991 619 1038; x_wconf 69' lang='lat' dir='ltr'>fasciculam</span> <span class='ocrx_word' id='word_1_85' title='bbox 665 991 813 1036; x_wconf 85' lang='lat' dir='ltr'>Mart.</span> <span class='ocrx_word' id='word_1_86' title='bbox 859 1003 973 1035; x_wconf 86' lang='lat' dir='ltr'>nov.</span> <span class='ocrx_word' id='word_1_87' title='bbox 1007 1003 1111 1049; x_wconf 87' lang='lat' dir='ltr'>gen.</span> <span class='ocrx_word' id='word_1_88' title='bbox 1159 993 1207 1032; x_wconf 89' lang='lat' dir='ltr'>et</span> <span class='ocrx_word' id='word_1_89' title='bbox 1241 1002 1313 1049; x_wconf 89' lang='lat' dir='ltr'>sp.</span> <span class='ocrx_word' id='word_1_90' title='bbox 1358 1003 1405 1049; x_wconf 87' lang='lat' dir='ltr'>p.</span> <span class='ocrx_word' id='word_1_91' title='bbox 1434 986 1548 1036; x_wconf 81' lang='lat'>126.</span> <span class='ocrx_word' id='word_1_92' title='bbox 1615 987 1691 1032; x_wconf 89' lang='lat' dir='ltr'>De</span> <span class='ocrx_word' id='word_1_93' title='bbox 1726 984 1878 1032; x_wconf 86' lang='lat' dir='ltr'>Cand.</span> 
     </span>
    </p>

    <p class='ocr_par' dir='ltr' id='par_1_7' title="bbox 251 1055 1775 1178">
     <span class='ocr_line' id='line_1_14' title="bbox 251 1055 1775 1178; baseline -0.005 -12"><span class='ocrx_word' id='word_1_94' title='bbox 251 1055 758 1178; x_wconf 37' lang='lat' dir='ltr'>Quziibssdiziocigulata</span> <span class='ocrx_word' id='word_1_95' title='bbox 791 1117 991 1176; x_wconf 81' lang='lat' dir='ltr'>Spreng.</span> <span class='ocrx_word' id='word_1_96' title='bbox 1025 1121 1141 1177; x_wconf 84' lang='lat' dir='ltr'>syst.</span> <span class='ocrx_word' id='word_1_97' title='bbox 1177 1130 1284 1175; x_wconf 80' lang='lat' dir='ltr'>veg.</span> <span class='ocrx_word' id='word_1_98' title='bbox 1318 1129 1425 1159; x_wconf 88' lang='lat' dir='ltr'>cur.</span> <span class='ocrx_word' id='word_1_99' title='bbox 1465 1120 1594 1176; x_wconf 90' lang='lat' dir='ltr'>post.</span> <span class='ocrx_word' id='word_1_100' title='bbox 1627 1130 1674 1178; x_wconf 91' lang='lat' dir='ltr'>p.</span> <span class='ocrx_word' id='word_1_101' title='bbox 1699 1114 1775 1162; x_wconf 91' lang='lat'>10.</span> 
     </span>
    </p>

    <p class='ocr_par' dir='ltr' id='par_1_8' title="bbox 255 1179 881 1242">
     <span class='ocr_line' id='line_1_15' title="bbox 255 1179 881 1242; baseline -0.005 -11"><span class='ocrx_word' id='word_1_102' title='bbox 255 1185 458 1231; x_wconf 83' lang='lat' dir='ltr'>Habitat</span> <span class='ocrx_word' id='word_1_103' title='bbox 489 1184 540 1228; x_wconf 85' lang='lat' dir='ltr'>in</span> <span class='ocrx_word' id='word_1_104' title='bbox 573 1181 778 1227; x_wconf 81' lang='lat' dir='ltr'>Brasilia</span> <span class='ocrx_word' id='word_1_105' title='bbox 815 1179 881 1242; x_wconf 69' lang='grc' dir='ltr'>Τ).</span> 
     </span>
    </p>
   </div>
   <div class='ocr_carea' id='block_1_5' title="bbox 307 1231 1959 1311">
    <p class='ocr_par' dir='ltr' id='par_1_9' title="bbox 307 1231 1959 1311">
     <span class='ocr_line' id='line_1_16' title="bbox 307 1231 1959 1311; baseline -0.004 -22"><span class='ocrx_word' id='word_1_106' title='bbox 307 1270 310 1273; x_wconf 97' lang='grc'>-</span> <span class='ocrx_word' id='word_1_107' title='bbox 353 1246 484 1289; x_wconf 85' lang='lat' dir='ltr'>Folia</span> <span class='ocrx_word' id='word_1_108' title='bbox 514 1259 653 1311; x_wconf 76' lang='lat' dir='ltr'>quam</span> <span class='ocrx_word' id='word_1_109' title='bbox 683 1245 736 1286; x_wconf 91' lang='lat' dir='ltr'>in</span> <span class='ocrx_word' id='word_1_110' title='bbox 766 1240 1149 1300; x_wconf 81' lang='lat' dir='ltr'>praecedentibus</span> <span class='ocrx_word' id='word_1_111' title='bbox 1175 1243 1281 1297; x_wconf 91' lang='lat' dir='ltr'>plus</span> <span class='ocrx_word' id='word_1_112' title='bbox 1312 1255 1451 1299; x_wconf 88' lang='lat' dir='ltr'>quam</span> <span class='ocrx_word' id='word_1_113' title='bbox 1482 1240 1743 1299; x_wconf 88' lang='lat' dir='ltr'>quadruplo</span> <span class='ocrx_word' id='word_1_114' title='bbox 1771 1253 1879 1282; x_wconf 89' lang='lat' dir='ltr'>ma-</span> <span class='ocrx_word' id='word_1_115' title='bbox 1953 1231 1959 1233; x_wconf 32' lang='lat'>&gt;</span> 
     </span>
    </p>
   </div>
   <div class='ocr_carea' id='block_1_6' title="bbox 237 1298 1880 1578">
    <p class='ocr_par' dir='ltr' id='par_1_10' title="bbox 237 1298 1880 1578">
     <span class='ocr_line' id='line_1_17' title="bbox 237 1298 1877 1362; baseline -0.006 -14"><span class='ocrx_word' id='word_1_116' title='bbox 237 1304 361 1361; x_wconf 81' lang='lat' dir='ltr'>jora,</span> <span class='ocrx_word' id='word_1_117' title='bbox 405 1302 788 1362; x_wconf 79' lang='lat' dir='ltr'>sesquipollicem</span> <span class='ocrx_word' id='word_1_118' title='bbox 829 1309 875 1359; x_wconf 77' lang='lat' dir='ltr'>et</span> <span class='ocrx_word' id='word_1_119' title='bbox 915 1300 1041 1357; x_wconf 88' lang='lat' dir='ltr'>quod</span> <span class='ocrx_word' id='word_1_120' title='bbox 1082 1299 1264 1341; x_wconf 79' lang='lat' dir='ltr'>excedit</span> <span class='ocrx_word' id='word_1_121' title='bbox 1305 1301 1469 1356; x_wconf 82' lang='lat' dir='ltr'>longa,</span> <span class='ocrx_word' id='word_1_122' title='bbox 1520 1305 1685 1343; x_wconf 85' lang='lat'>10-12</span> <span class='ocrx_word' id='word_1_123' title='bbox 1727 1298 1877 1340; x_wconf 91' lang='lat' dir='ltr'>lineas</span> 
     </span>
     <span class='ocr_line' id='line_1_18' title="bbox 239 1354 1880 1410; baseline -0.005 -5"><span class='ocrx_word' id='word_1_124' title='bbox 239 1366 349 1410; x_wconf 73' lang='lat' dir='ltr'>lata,</span> <span class='ocrx_word' id='word_1_125' title='bbox 409 1364 565 1403; x_wconf 88' lang='lat' dir='ltr'>Flores</span> <span class='ocrx_word' id='word_1_126' title='bbox 598 1374 660 1402; x_wconf 83' lang='lat' dir='ltr'>ex</span> <span class='ocrx_word' id='word_1_127' title='bbox 694 1359 852 1401; x_wconf 79' lang='lat' dir='ltr'>axillis</span> <span class='ocrx_word' id='word_1_128' title='bbox 894 1358 1116 1399; x_wconf 80' lang='lat' dir='ltr'>foliorum</span> <span class='ocrx_word' id='word_1_129' title='bbox 1148 1359 1228 1399; x_wconf 78' lang='lat' dir='ltr'>vel</span> <span class='ocrx_word' id='word_1_130' title='bbox 1257 1356 1375 1398; x_wconf 79' lang='lat' dir='ltr'>infra</span> <span class='ocrx_word' id='word_1_131' title='bbox 1406 1356 1571 1399; x_wconf 75' lang='lat' dir='ltr'>axillas</span> <span class='ocrx_word' id='word_1_132' title='bbox 1600 1355 1725 1408; x_wconf 87' lang='lat' dir='ltr'>bini,</span> <span class='ocrx_word' id='word_1_133' title='bbox 1758 1354 1880 1397; x_wconf 87' lang='lat' dir='ltr'>terni</span> 
     </span>
     <span class='ocr_line' id='line_1_19' title="bbox 239 1411 1879 1476; baseline -0.005 -14"><span class='ocrx_word' id='word_1_134' title='bbox 239 1419 449 1476; x_wconf 85' lang='lat' dir='ltr'>plurisve</span> <span class='ocrx_word' id='word_1_135' title='bbox 481 1416 850 1468; x_wconf 84' lang='lat' dir='ltr'>subfasciculati,</span> <span class='ocrx_word' id='word_1_136' title='bbox 897 1414 1152 1470; x_wconf 88' lang='lat' dir='ltr'>pedunculi</span> <span class='ocrx_word' id='word_1_137' title='bbox 1181 1413 1391 1466; x_wconf 74' lang='lat' dir='ltr'>unissori,</span> <span class='ocrx_word' id='word_1_138' title='bbox 1440 1414 1467 1457; x_wconf 85' lang='lat'>6</span> <span class='ocrx_word' id='word_1_139' title='bbox 1495 1414 1579 1457; x_wconf 89' lang='lat' dir='ltr'>lin.</span> <span class='ocrx_word' id='word_1_140' title='bbox 1603 1413 1745 1470; x_wconf 82' lang='lat' dir='ltr'>longi.</span> <span class='ocrx_word' id='word_1_141' title='bbox 1775 1411 1879 1454; x_wconf 83' lang='lat' dir='ltr'>basi</span> 
     </span>
     <span class='ocr_line' id='line_1_20' title="bbox 240 1470 1879 1529; baseline -0.005 -10"><span class='ocrx_word' id='word_1_142' title='bbox 240 1476 518 1528; x_wconf 86' lang='lat' dir='ltr'>bracteolati,</span> <span class='ocrx_word' id='word_1_143' title='bbox 550 1475 745 1518; x_wconf 85' lang='lat' dir='ltr'>bracteis</span> <span class='ocrx_word' id='word_1_144' title='bbox 775 1473 1045 1516; x_wconf 84' lang='lat' dir='ltr'>lanceolatis</span> <span class='ocrx_word' id='word_1_145' title='bbox 1077 1472 1220 1515; x_wconf 90' lang='lat' dir='ltr'>acutis</span> <span class='ocrx_word' id='word_1_146' title='bbox 1253 1470 1626 1529; x_wconf 84' lang='lat' dir='ltr'>pubescentibus.</span> <span class='ocrx_word' id='word_1_147' title='bbox 1669 1473 1879 1513; x_wconf 87' lang='lat' dir='ltr'>Petalum</span> 
     </span>
     <span class='ocr_line' id='line_1_21' title="bbox 243 1536 591 1578; baseline -0.011 0"><span class='ocrx_word' id='word_1_148' title='bbox 243 1536 591 1578; x_wconf 85' lang='lat' dir='ltr'>ochroleucum.</span> 
     </span>
    </p>
   </div>
   <div class='ocr_carea' id='block_1_7' title="bbox 700 1629 1336 1693">
    <p class='ocr_par' dir='ltr' id='par_1_11' title="bbox 700 1629 1336 1693">
     <span class='ocr_line' id='line_1_22' title="bbox 700 1629 1336 1693; baseline -0.003 -2"><span class='ocrx_word' id='word_1_149' title='bbox 700 1629 788 1692; x_wconf 75' lang='lat'>26.</span> <span class='ocrx_word' id='word_1_150' title='bbox 825 1636 1336 1693; x_wconf 88' lang='lat' dir='ltr'>AMPHILOCHIA.</span> 
     </span>
    </p>
   </div>
   <div class='ocr_carea' id='block_1_8' title="bbox 156 1733 1882 2238">
    <p class='ocr_par' dir='ltr' id='par_1_12' title="bbox 156 1733 1882 2238">
     <span class='ocr_line' id='line_1_23' title="bbox 156 1733 1880 1806; baseline -0.005 -16"><span class='ocrx_word' id='word_1_151' title='bbox 156 1742 311 1806; x_wconf 82' lang='lat' dir='ltr'>Calyx</span> <span class='ocrx_word' id='word_1_152' title='bbox 349 1740 713 1804; x_wconf 71' lang='lat' dir='ltr'>pentaphylluS,</span> <span class='ocrx_word' id='word_1_153' title='bbox 747 1739 971 1802; x_wconf 76' lang='lat' dir='ltr'>phyllum</span> <span class='ocrx_word' id='word_1_154' title='bbox 999 1755 1279 1800; x_wconf 81' lang='lat' dir='ltr'>supremum</span> <span class='ocrx_word' id='word_1_155' title='bbox 1309 1736 1571 1782; x_wconf 85' lang='lat' dir='ltr'>maximum</span> <span class='ocrx_word' id='word_1_156' title='bbox 1597 1733 1880 1781; x_wconf 86' lang='lat' dir='ltr'>brevissime</span> 
     </span>
     <span class='ocr_line' id='line_1_24' title="bbox 285 1799 1879 1852; baseline -0.005 -1"><span class='ocrx_word' id='word_1_157' title='bbox 285 1807 592 1852; x_wconf 80' lang='lat' dir='ltr'>calcaratum.</span> <span class='ocrx_word' id='word_1_158' title='bbox 655 1805 877 1851; x_wconf 84' lang='lat' dir='ltr'>Petalum</span> <span class='ocrx_word' id='word_1_159' title='bbox 922 1802 1129 1850; x_wconf 83' lang='lat' dir='ltr'>unicum.</span> <span class='ocrx_word' id='word_1_160' title='bbox 1195 1803 1516 1848; x_wconf 86' lang='lat' dir='ltr'>Filamentum</span> <span class='ocrx_word' id='word_1_161' title='bbox 1558 1799 1723 1845; x_wconf 82' lang='lat' dir='ltr'>fertile</span> <span class='ocrx_word' id='word_1_162' title='bbox 1767 1799 1879 1843; x_wconf 88' lang='lat' dir='ltr'>uni—</span> 
     </span>
     <span class='ocr_line' id='line_1_25' title="bbox 260 1862 1879 1930; baseline -0.005 -14"><span class='ocrx_word' id='word_1_163' title='bbox 260 1873 412 1927; x_wconf 63' lang='lat' dir='ltr'>cum,</span> <span class='ocrx_word' id='word_1_164' title='bbox 452 1869 637 1915; x_wconf 83' lang='lat' dir='ltr'>sterilia</span> <span class='ocrx_word' id='word_1_165' title='bbox 671 1868 955 1930; x_wconf 79' lang='lat' dir='ltr'>plerumque</span> <span class='ocrx_word' id='word_1_166' title='bbox 989 1866 1133 1911; x_wconf 80' lang='lat' dir='ltr'>nulla.</span> <span class='ocrx_word' id='word_1_167' title='bbox 1206 1866 1424 1912; x_wconf 83' lang='lat' dir='ltr'>Anthera</span> <span class='ocrx_word' id='word_1_168' title='bbox 1458 1862 1879 1926; x_wconf 83' lang='lat' dir='ltr'>quadrilocularis.</span> 
     </span>
     <span class='ocr_line' id='line_1_26' title="bbox 286 1929 1880 1997; baseline -0.006 -16"><span class='ocrx_word' id='word_1_169' title='bbox 286 1933 496 1997; x_wconf 83' lang='lat' dir='ltr'>Capsula</span> <span class='ocrx_word' id='word_1_170' title='bbox 528 1933 751 1979; x_wconf 80' lang='lat' dir='ltr'>trivalvis</span> <span class='ocrx_word' id='word_1_171' title='bbox 786 1930 1082 1977; x_wconf 79' lang='lat' dir='ltr'>trilocularis</span> <span class='ocrx_word' id='word_1_172' title='bbox 1116 1930 1376 1986; x_wconf 80' lang='lat' dir='ltr'>corticata,</span> <span class='ocrx_word' id='word_1_173' title='bbox 1410 1929 1592 1973; x_wconf 86' lang='lat' dir='ltr'>cortice</span> <span class='ocrx_word' id='word_1_174' title='bbox 1626 1943 1739 1972; x_wconf 83' lang='lat' dir='ltr'>cum</span> <span class='ocrx_word' id='word_1_175' title='bbox 1772 1943 1880 1972; x_wconf 86' lang='lat' dir='ltr'>sar—</span> 
     </span>
     <span class='ocr_line' id='line_1_27' title="bbox 286 1990 1881 2060; baseline -0.006 -16"><span class='ocrx_word' id='word_1_176' title='bbox 286 1998 513 2060; x_wconf 86' lang='lat' dir='ltr'>cocarpio</span> <span class='ocrx_word' id='word_1_177' title='bbox 557 2005 606 2042; x_wconf 86' lang='lat' dir='ltr'>et</span> <span class='ocrx_word' id='word_1_178' title='bbox 640 1995 932 2056; x_wconf 83' lang='lat' dir='ltr'>endocarpio</span> <span class='ocrx_word' id='word_1_179' title='bbox 981 1993 1178 2052; x_wconf 82' lang='lat' dir='ltr'>solutis,</span> <span class='ocrx_word' id='word_1_180' title='bbox 1222 2001 1427 2054; x_wconf 85' lang='lat' dir='ltr'>utroque</span> <span class='ocrx_word' id='word_1_181' title='bbox 1460 1991 1707 2046; x_wconf 81' lang='lat' dir='ltr'>trivalvis,</span> <span class='ocrx_word' id='word_1_182' title='bbox 1751 1990 1881 2036; x_wconf 88' lang='lat' dir='ltr'>ulte-</span> 
     </span>
     <span class='ocr_line' id='line_1_28' title="bbox 287 2055 1882 2119; baseline -0.006 -10"><span class='ocrx_word' id='word_1_183' title='bbox 287 2063 433 2109; x_wconf 82' lang='lat' dir='ltr'>rioris</span> <span class='ocrx_word' id='word_1_184' title='bbox 505 2060 729 2109; x_wconf 84' lang='lat' dir='ltr'>valvulae</span> <span class='ocrx_word' id='word_1_185' title='bbox 819 2058 1119 2119; x_wconf 79' lang='lat' dir='ltr'>marginibus</span> <span class='ocrx_word' id='word_1_186' title='bbox 1190 2056 1458 2103; x_wconf 83' lang='lat' dir='ltr'>introflexis</span> <span class='ocrx_word' id='word_1_187' title='bbox 1542 2055 1882 2117; x_wconf 83' lang='lat' dir='ltr'>dissepimenta</span> 
     </span>
     <span class='ocr_line' id='line_1_29' title="bbox 285 2119 1880 2188; baseline -0.006 -15"><span class='ocrx_word' id='word_1_188' title='bbox 285 2128 579 2188; x_wconf 84' lang='lat' dir='ltr'>praebentes</span> <span class='ocrx_word' id='word_1_189' title='bbox 591 2160 606 2185; x_wconf 88' lang='lat'>,</span> <span class='ocrx_word' id='word_1_190' title='bbox 648 2122 937 2187; x_wconf 83' lang='lat' dir='ltr'>septicidae,</span> <span class='ocrx_word' id='word_1_191' title='bbox 977 2122 1172 2169; x_wconf 84' lang='lat' dir='ltr'>bifidae.</span> <span class='ocrx_word' id='word_1_192' title='bbox 1238 2125 1413 2168; x_wconf 84' lang='lat' dir='ltr'>Semen</span> <span class='ocrx_word' id='word_1_193' title='bbox 1447 2121 1565 2168; x_wconf 84' lang='lat'>1-2</span> <span class='ocrx_word' id='word_1_194' title='bbox 1609 2119 1662 2166; x_wconf 88' lang='lat' dir='ltr'>in</span> <span class='ocrx_word' id='word_1_195' title='bbox 1705 2120 1880 2182; x_wconf 88' lang='lat' dir='ltr'>quovis</span> 
     </span>
     <span class='ocr_line' id='line_1_30' title="bbox 285 2193 411 2238; baseline 0 -1"><span class='ocrx_word' id='word_1_196' title='bbox 285 2193 411 2238; x_wconf 65' lang='lat' dir='ltr'>loco.</span> 
     </span>
    </p>
   </div>
   <div class='ocr_carea' id='block_1_9' title="bbox 162 2280 1163 2338">
    <p class='ocr_par' dir='ltr' id='par_1_13' title="bbox 162 2280 1163 2338">
     <span class='ocr_line' id='line_1_31' title="bbox 162 2280 1163 2338; baseline -0.007 -2"><span class='ocrx_word' id='word_1_197' title='bbox 162 2296 211 2338; x_wconf 84' lang='lat'>1.</span> <span class='ocrx_word' id='word_1_198' title='bbox 249 2285 687 2338; x_wconf 83' lang='lat' dir='ltr'><strong>AMPHILOCHIA</strong></span> <span class='ocrx_word' id='word_1_199' title='bbox 724 2280 1163 2332; x_wconf 58' lang='lat' dir='ltr'>dichotomcc.‘</span> 
     </span>
    </p>
   </div>
   <div class='ocr_carea' id='block_1_10' title="bbox 255 2365 1882 2630">
    <p class='ocr_par' dir='ltr' id='par_1_14' title="bbox 255 2365 1882 2497">
     <span class='ocr_line' id='line_1_32' title="bbox 255 2365 1882 2433; baseline -0.007 -9"><span class='ocrx_word' id='word_1_200' title='bbox 255 2379 312 2424; x_wconf 89' lang='lat' dir='ltr'>A.</span> <span class='ocrx_word' id='word_1_201' title='bbox 346 2376 479 2423; x_wconf 80' lang='lat' dir='ltr'>foliis</span> <span class='ocrx_word' id='word_1_202' title='bbox 541 2392 567 2419; x_wconf 88' lang='lat' dir='ltr'>e</span> <span class='ocrx_word' id='word_1_203' title='bbox 610 2374 716 2420; x_wconf 87' lang='lat' dir='ltr'>basi</span> <span class='ocrx_word' id='word_1_204' title='bbox 759 2370 1362 2433; x_wconf 57' lang='lat' dir='ltr'>1·otundato-usubcorclata</span> <span class='ocrx_word' id='word_1_205' title='bbox 1416 2374 1618 2430; x_wconf 80' lang='lat' dir='ltr'>anguste</span> <span class='ocrx_word' id='word_1_206' title='bbox 1663 2365 1882 2428; x_wconf 86' lang='lat' dir='ltr'>oblongis</span> 
     </span>
     <span class='ocr_line' id='line_1_33' title="bbox 354 2435 1322 2497; baseline -0.009 -10"><span class='ocrx_word' id='word_1_207' title='bbox 354 2438 699 2487; x_wconf 83' lang='lat' dir='ltr'>obtusiusculis</span> <span class='ocrx_word' id='word_1_208' title='bbox 732 2438 903 2481; x_wconf 83' lang='lat' dir='ltr'>subtus</span> <span class='ocrx_word' id='word_1_209' title='bbox 937 2435 1322 2497; x_wconf 83' lang='lat' dir='ltr'>pubescentibus.</span> 
     </span>
    </p>

    <p class='ocr_par' dir='ltr' id='par_1_15' title="bbox 256 2496 1881 2630">
     <span class='ocr_line' id='line_1_34' title="bbox 256 2496 1880 2560; baseline -0.007 -8"><span class='ocrx_word' id='word_1_210' title='bbox 256 2507 314 2554; x_wconf 91' lang='lat' dir='ltr'>A.</span> <span class='ocrx_word' id='word_1_211' title='bbox 349 2503 626 2551; x_wconf 81' lang='lat' dir='ltr'>dichotoma</span> <span class='ocrx_word' id='word_1_212' title='bbox 683 2503 831 2547; x_wconf 86' lang='lat' dir='ltr'>Mart.</span> <span class='ocrx_word' id='word_1_213' title='bbox 881 2516 993 2555; x_wconf 78' lang='lat' dir='ltr'>nov.</span> <span class='ocrx_word' id='word_1_214' title='bbox 1045 2515 1150 2560; x_wconf 85' lang='lat' dir='ltr'>gen.</span> <span class='ocrx_word' id='word_1_215' title='bbox 1206 2505 1266 2542; x_wconf 89' lang='lat' dir='ltr'>et.</span> <span class='ocrx_word' id='word_1_216' title='bbox 1321 2514 1391 2559; x_wconf 86' lang='lat' dir='ltr'>sp.</span> <span class='ocrx_word' id='word_1_217' title='bbox 1449 2512 1493 2558; x_wconf 91' lang='lat' dir='ltr'>p.</span> <span class='ocrx_word' id='word_1_218' title='bbox 1537 2496 1646 2544; x_wconf 77' lang='lat'>128.</span> <span class='ocrx_word' id='word_1_219' title='bbox 1698 2502 1734 2542; x_wconf 81' lang='lat' dir='ltr'>t.</span> <span class='ocrx_word' id='word_1_220' title='bbox 1768 2496 1880 2546; x_wconf 87' lang='lat'><strong>177.</strong></span> 
     </span>
     <span class='ocr_line' id='line_1_35' title="bbox 353 2561 1881 2630; baseline -0.005 -17"><span class='ocrx_word' id='word_1_221' title='bbox 353 2572 551 2630; x_wconf 81' lang='lat' dir='ltr'>Spreng.</span> <span class='ocrx_word' id='word_1_222' title='bbox 582 2572 695 2627; x_wconf 77' lang='lat' dir='ltr'>syst.</span> <span class='ocrx_word' id='word_1_223' title='bbox 729 2580 834 2624; x_wconf 82' lang='lat' dir='ltr'>veg.</span> <span class='ocrx_word' id='word_1_224' title='bbox 867 2580 972 2610; x_wconf 85' lang='lat' dir='ltr'>cur.</span> <span class='ocrx_word' id='word_1_225' title='bbox 999 2570 1124 2624; x_wconf 81' lang='lat' dir='ltr'>post.</span> <span class='ocrx_word' id='word_1_226' title='bbox 1154 2564 1296 2624; x_wconf 79' lang='lat' dir='ltr'>p.70.</span> <span class='ocrx_word' id='word_1_227' title='bbox 1374 2563 1452 2607; x_wconf 91' lang='lat' dir='ltr'>De</span> <span class='ocrx_word' id='word_1_228' title='bbox 1488 2561 1638 2607; x_wconf 77' lang='lat' dir='ltr'>Cand.</span> <span class='ocrx_word' id='word_1_229' title='bbox 1669 2561 1814 2608; x_wconf 79' lang='lat' dir='ltr'>Prod.</span> <span class='ocrx_word' id='word_1_230' title='bbox 1835 2562 1881 2609; x_wconf 86' lang='lat'>3.</span> 
     </span>
    </p>
   </div>
   <div class='ocr_carea' id='block_1_11' title="bbox 247 2690 1888 3365">
    <p class='ocr_par' dir='ltr' id='par_1_16' title="bbox 247 2690 1888 3365">
     <span class='ocr_line' id='line_1_36' title="bbox 257 2690 869 2752; baseline -0.018 -6"><span class='ocrx_word' id='word_1_231' title='bbox 257 2697 460 2746; x_wconf 79' lang='lat' dir='ltr'>Habitat</span> <span class='ocrx_word' id='word_1_232' title='bbox 491 2696 540 2739; x_wconf 90' lang='lat' dir='ltr'>in</span> <span class='ocrx_word' id='word_1_233' title='bbox 581 2691 791 2739; x_wconf 81' lang='lat' dir='ltr'>Brasilia</span> <span class='ocrx_word' id='word_1_234' title='bbox 824 2690 869 2752; x_wconf 63' lang='grc' dir='ltr'>’Β</span> 
     </span>
     <span class='ocr_line' id='line_1_37' title="bbox 319 2751 1885 2809; baseline -0.006 -6"><span class='ocrx_word' id='word_1_235' title='bbox 319 2778 323 2779; x_wconf 56' lang='grc'>’</span> <span class='ocrx_word' id='word_1_236' title='bbox 362 2758 515 2803; x_wconf 84' lang='lat' dir='ltr'>Arbor</span> <span class='ocrx_word' id='word_1_237' title='bbox 550 2756 690 2798; x_wconf 86' lang='lat' dir='ltr'>ramis</span> <span class='ocrx_word' id='word_1_238' title='bbox 734 2754 980 2805; x_wconf 82' lang='lat' dir='ltr'>teretibus,</span> <span class='ocrx_word' id='word_1_239' title='bbox 1025 2752 1669 2809; x_wconf 84' lang='lat' dir='ltr'>dichotomo—decompositis</span> <span class='ocrx_word' id='word_1_240' title='bbox 1707 2751 1885 2794; x_wconf 84' lang='lat' dir='ltr'>divari—</span> 
     </span>
     <span class='ocr_line' id='line_1_38' title="bbox 248 2810 1885 2868; baseline -0.007 -6"><span class='ocrx_word' id='word_1_241' title='bbox 248 2819 381 2862; x_wconf 87' lang='lat' dir='ltr'>catis.</span> <span class='ocrx_word' id='word_1_242' title='bbox 458 2815 587 2857; x_wconf 89' lang='lat' dir='ltr'>Folia</span> <span class='ocrx_word' id='word_1_243' title='bbox 641 2813 851 2868; x_wconf 87' lang='lat' dir='ltr'>opposita</span> <span class='ocrx_word' id='word_1_244' title='bbox 897 2812 1134 2854; x_wconf 82' lang='lat' dir='ltr'>decussata</span> <span class='ocrx_word' id='word_1_245' title='bbox 1183 2810 1386 2854; x_wconf 80' lang='lat' dir='ltr'>breviter</span> <span class='ocrx_word' id='word_1_246' title='bbox 1430 2812 1666 2866; x_wconf 81' lang='lat' dir='ltr'>petiolata.</span> <span class='ocrx_word' id='word_1_247' title='bbox 1739 2812 1885 2851; x_wconf 85' lang='lat' dir='ltr'>Glan-</span> 
     </span>
     <span class='ocr_line' id='line_1_39' title="bbox 247 2869 1886 2926; baseline -0.007 -8"><span class='ocrx_word' id='word_1_248' title='bbox 247 2878 388 2919; x_wconf 86' lang='lat' dir='ltr'>dulae</span> <span class='ocrx_word' id='word_1_249' title='bbox 440 2877 544 2915; x_wconf 90' lang='lat' dir='ltr'>loco</span> <span class='ocrx_word' id='word_1_250' title='bbox 602 2869 875 2926; x_wconf 85' lang='lat' dir='ltr'>stipularum</span> <span class='ocrx_word' id='word_1_251' title='bbox 931 2869 1164 2921; x_wconf 83' lang='lat' dir='ltr'>minutae,</span> <span class='ocrx_word' id='word_1_252' title='bbox 1225 2882 1478 2910; x_wconf 81' lang='lat' dir='ltr'>convexae.</span> <span class='ocrx_word' id='word_1_253' title='bbox 1564 2870 1751 2909; x_wconf 88' lang='lat' dir='ltr'>Florum</span> <span class='ocrx_word' id='word_1_254' title='bbox 1808 2881 1886 2907; x_wconf 89' lang='lat' dir='ltr'>ra·-</span> 
     </span>
     <span class='ocr_line' id='line_1_40' title="bbox 249 2923 1886 2981; baseline -0.008 -4"><span class='ocrx_word' id='word_1_255' title='bbox 249 2933 371 2977; x_wconf 84' lang='lat' dir='ltr'>cemi</span> <span class='ocrx_word' id='word_1_256' title='bbox 407 2929 692 2979; x_wconf 76' lang='lat' dir='ltr'>terminales,</span> <span class='ocrx_word' id='word_1_257' title='bbox 736 2925 837 2968; x_wconf 79' lang='lat' dir='ltr'>basi</span> <span class='ocrx_word' id='word_1_258' title='bbox 877 2925 1122 2981; x_wconf 85' lang='lat' dir='ltr'>interrupti</span> <span class='ocrx_word' id='word_1_259' title='bbox 1161 2924 1350 2968; x_wconf 85' lang='lat' dir='ltr'>floribus</span> <span class='ocrx_word' id='word_1_260' title='bbox 1381 2924 1696 2976; x_wconf 80' lang='lat' dir='ltr'>verticillatis,</span> <span class='ocrx_word' id='word_1_261' title='bbox 1741 2923 1886 2966; x_wconf 83' lang='lat' dir='ltr'>verti-</span> 
     </span>
     <span class='ocr_line' id='line_1_41' title="bbox 248 2982 1886 3039; baseline -0.007 -5"><span class='ocrx_word' id='word_1_262' title='bbox 248 2992 372 3035; x_wconf 89' lang='lat' dir='ltr'>cillis</span> <span class='ocrx_word' id='word_1_263' title='bbox 402 2987 572 3030; x_wconf 88' lang='lat' dir='ltr'>infimis</span> <span class='ocrx_word' id='word_1_264' title='bbox 602 2983 670 3029; x_wconf 72' lang='grc'>4-</span> <span class='ocrx_word' id='word_1_265' title='bbox 689 2991 712 3029; x_wconf 84' lang='grc'><strong>8</strong></span> <span class='ocrx_word' id='word_1_266' title='bbox 743 2982 869 3026; x_wconf 89' lang='lat' dir='ltr'>floris</span> <span class='ocrx_word' id='word_1_267' title='bbox 907 2982 1179 3025; x_wconf 82' lang='lat' dir='ltr'>axillaribus</span> <span class='ocrx_word' id='word_1_268' title='bbox 1210 2997 1414 3039; x_wconf 77' lang='lat' dir='ltr'>unguem</span> <span class='ocrx_word' id='word_1_269' title='bbox 1441 2985 1518 3025; x_wconf 74' lang='lat' dir='ltr'>vel</span> <span class='ocrx_word' id='word_1_270' title='bbox 1542 2982 1761 3038; x_wconf 90' lang='lat' dir='ltr'>pollicem</span> <span class='ocrx_word' id='word_1_271' title='bbox 1786 2994 1812 3021; x_wconf 90' lang='lat' dir='ltr'>a</span> <span class='ocrx_word' id='word_1_272' title='bbox 1836 2994 1886 3022; x_wconf 87' lang='lat' dir='ltr'>se</span> 
     </span>
     <span class='ocr_line' id='line_1_42' title="bbox 248 3037 1885 3097; baseline -0.007 -5"><span class='ocrx_word' id='word_1_273' title='bbox 248 3049 455 3092; x_wconf 82' lang='lat' dir='ltr'>invicem</span> <span class='ocrx_word' id='word_1_274' title='bbox 487 3040 779 3093; x_wconf 87' lang='lat' dir='ltr'>distantibus,</span> <span class='ocrx_word' id='word_1_275' title='bbox 821 3039 1133 3096; x_wconf 85' lang='lat' dir='ltr'>superioribus</span> <span class='ocrx_word' id='word_1_276' title='bbox 1168 3041 1338 3082; x_wconf 89' lang='lat' dir='ltr'>sensim</span> <span class='ocrx_word' id='word_1_277' title='bbox 1369 3040 1515 3097; x_wconf 74' lang='lat' dir='ltr'>magis</span> <span class='ocrx_word' id='word_1_278' title='bbox 1546 3037 1885 3096; x_wconf 83' lang='lat' dir='ltr'>approximatis</span> 
     </span>
     <span class='ocr_line' id='line_1_43' title="bbox 251 3094 1888 3162; baseline -0.008 -14"><span class='ocrx_word' id='word_1_279' title='bbox 251 3100 649 3162; x_wconf 75' lang='lat' dir='ltr'>&#39;subquadrifloris.</span> <span class='ocrx_word' id='word_1_280' title='bbox 705 3098 998 3140; x_wconf 89' lang='lat' dir='ltr'>Pedunculus</span> <span class='ocrx_word' id='word_1_281' title='bbox 1037 3104 1300 3152; x_wconf 78' lang='lat' dir='ltr'>tetragonus</span> <span class='ocrx_word' id='word_1_282' title='bbox 1332 3096 1607 3153; x_wconf 86' lang='lat' dir='ltr'>pubescens.</span> <span class='ocrx_word' id='word_1_283' title='bbox 1666 3094 1888 3137; x_wconf 82' lang='lat' dir='ltr'>Pedicelli</span> 
     </span>
     <span class='ocr_line' id='line_1_44' title="bbox 247 3151 1888 3211; baseline -0.007 -6"><span class='ocrx_word' id='word_1_284' title='bbox 247 3159 527 3211; x_wconf 86' lang='lat' dir='ltr'>brevissimi,</span> <span class='ocrx_word' id='word_1_285' title='bbox 560 3164 736 3207; x_wconf 87' lang='lat' dir='ltr'>teretes,</span> <span class='ocrx_word' id='word_1_286' title='bbox 770 3154 1086 3211; x_wconf 86' lang='lat' dir='ltr'>pubescentes,</span> <span class='ocrx_word' id='word_1_287' title='bbox 1120 3153 1219 3196; x_wconf 84' lang='lat' dir='ltr'>basi</span> <span class='ocrx_word' id='word_1_288' title='bbox 1250 3153 1479 3196; x_wconf 81' lang='lat' dir='ltr'>articulati</span> <span class='ocrx_word' id='word_1_289' title='bbox 1510 3161 1555 3195; x_wconf 87' lang='lat' dir='ltr'>et</span> <span class='ocrx_word' id='word_1_290' title='bbox 1584 3152 1765 3194; x_wconf 84' lang='lat' dir='ltr'>bractea</span> <span class='ocrx_word' id='word_1_291' title='bbox 1793 3151 1888 3193; x_wconf 89' lang='lat' dir='ltr'>mi·-</span> 
     </span>
     <span class='ocr_line' id='line_1_45' title="bbox 249 3209 1885 3266; baseline -0.007 -4"><span class='ocrx_word' id='word_1_292' title='bbox 249 3219 499 3262; x_wconf 85' lang='lat' dir='ltr'>nutissima</span> <span class='ocrx_word' id='word_1_293' title='bbox 532 3222 667 3257; x_wconf 84' lang='lat' dir='ltr'>ovata</span> <span class='ocrx_word' id='word_1_294' title='bbox 697 3211 861 3254; x_wconf 88' lang='lat' dir='ltr'>obtusa</span> <span class='ocrx_word' id='word_1_295' title='bbox 892 3211 1088 3252; x_wconf 85' lang='lat' dir='ltr'>decidua</span> <span class='ocrx_word' id='word_1_296' title='bbox 1111 3210 1299 3253; x_wconf 90' lang='lat' dir='ltr'>minuti.</span> <span class='ocrx_word' id='word_1_297' title='bbox 1361 3210 1545 3266; x_wconf 82' lang='lat' dir='ltr'>Calycis</span> <span class='ocrx_word' id='word_1_298' title='bbox 1589 3209 1750 3251; x_wconf 84' lang='lat' dir='ltr'>foliola</span> <span class='ocrx_word' id='word_1_299' title='bbox 1790 3209 1885 3250; x_wconf 90' lang='lat' dir='ltr'>duo</span> 
     </span>
     <span class='ocr_line' id='line_1_46' title="bbox 250 3265 1886 3323; baseline -0.009 -3"><span class='ocrx_word' id='word_1_300' title='bbox 250 3277 428 3320; x_wconf 83' lang='lat' dir='ltr'>extima</span> <span class='ocrx_word' id='word_1_301' title='bbox 469 3267 1040 3323; x_wconf 75' lang='lat' dir='ltr'>ovato—suborbicularia3</span> <span class='ocrx_word' id='word_1_302' title='bbox 1090 3267 1310 3312; x_wconf 83' lang='lat' dir='ltr'>inferiora</span> <span class='ocrx_word' id='word_1_303' title='bbox 1347 3268 1441 3312; x_wconf 91' lang='lat' dir='ltr'>duo</span> <span class='ocrx_word' id='word_1_304' title='bbox 1483 3274 1640 3320; x_wconf 79' lang='lat' dir='ltr'>ovata,</span> <span class='ocrx_word' id='word_1_305' title='bbox 1687 3265 1886 3308; x_wconf 88' lang='lat' dir='ltr'>dimidio</span> 
     </span>
     <span class='ocr_line' id='line_1_47' title="bbox 1779 3324 1888 3365; baseline 0 -1"><span class='ocrx_word' id='word_1_306' title='bbox 1779 3324 1888 3365; x_wconf 89' lang='lat' dir='ltr'>lon-</span> 
     </span>
    </p>
   </div>
  </div>
 </body>
</html>
