1964 3640
184 119 285 172 496
611 104 953 164 DIANDRIA
988 81 1440 157 MoNoerNIA.
1510 183 1520 194 χ

278 263 473 313 Habitat
502 260 551 305 in
588 255 762 304 Sibiria
800 258 874 315 21..
1270 314 1274 319 Ι

383 337 534 383 Caulis
567 332 702 385 1-125
731 328 929 387 pedalis,
961 334 1162 379 erectus,
1195 324 1482 382 pubescens(
1526 323 1656 367 Folia
1694 323 1889 380 pollica-

265 400 346 449 ria,
377 394 642 442 lanceolata,
673 387 774 429 basi
803 393 1009 436 cuneata,
1041 384 1091 426 in
1121 385 1347 439 petiolum
1370 381 1559 426 brevem
1581 381 1883 433 decurrentia,

266 451 494 509 profunde
525 453 691 489 serrata
734 450 813 485 aut
844 440 1145 498 pinnatifida,
1189 439 1370 482 laciniis
1410 439 1554 481 acutis
1597 437 1888 495 aequalibus.

267 510 426 565 Spicae
465 509 745 561 aggregatae.
800 502 955 541 Flores
998 499 1091 540 fere
1131 498 1275 552 duplo
1320 493 1515 551 majores
1556 509 1697 552 quam
1737 494 1790 538 in
1827 496 1888 538 V,

264 561 611 613 laciniatae3
641 555 815 613 calycis
844 554 1043 598 laciniae
1074 554 1319 612 longiores,
1352 551 1650 609 angustiores.

183 675 269 728 53.
307 672 630 724 VERONICA
659 684 705 735 p
723 663 789 716 in
804 683 885 715 na
900 672 986 733 ια.

271 772 327 817 V.
360 765 487 813 soliis
521 762 753 826 oppositis
785 749 1096 825 pinnatifidis‚
1129 758 1288 806 media
1315 766 1456 822 parte
1491 766 1541 806 et
1579 757 1765 805 laciniis
1791 756 1890 803 fili-

363 828 616 884 sormffius,
655 827 855 872 floribus
887 824 1204 886 pedicellatis.

271 898 330 945 V.
363 894 562 956 pinnata
587 892 727 937 Linn.
749 896 896 935 mant.
931 906 975 950 p.
997 886 1076 938 24.
1102 889 1269 933 Laxm.
1301 886 1351 933 in
1384 887 1498 935 Act.
1531 887 1727 949 Petrop.
1749 885 1889 936 1770.

366 976 411 1020 p.
431 957 543 1005 553.
581 963 614 999 t.
640 956 719 1002 29.
755 953 788 998 f.
816 954 862 1001 1.
902 953 1003 999 Ait.
1038 954 1171 998 Kew.
1207 952 1279 997 ed.
1304 952 1349 999 1.
1387 951 1433 999 1.
1469 967 1513 1010 p.
1540 953 1618 1000 19.
1655 951 1729 997 ed.
1754 952 1801 999 2.
1839 951 1886 999 1.

366 1039 411 1084 p.
433 1021 515 1069 28.
550 1019 720 1068 Willd.
753 1033 821 1079 sp.
858 1016 923 1078 pl.
956 1017 1005 1065 1.
1050 1033 1094 1077 p.
1123 1014 1205 1065 57.
1250 1013 1391 1060 Vahl.
1437 1016 1608 1061 Ennm.
1639 1015 1687 1064 1.
1733 1032 1776 1076 p.
1807 1013 1887 1062 61.

365 1083 562 1131 Schrad.
596 1098 696 1129 ver.
732 1098 776 1141 p.
797 1082 876 1129 32.
911 1082 1080 1126 Rocm.
1112 1085 1160 1124 et
1190 1078 1297 1125 sch.
1346 1085 1462 1140 syst.
1497 1095 1601 1138 veg.
1633 1080 1679 1126 1.
1725 1095 1772 1140 p.
1806 1079 1886 1127 97.

364 1156 511 1194 mant.
545 1147 591 1194 1.
639 1161 686 1205 p.
723 1146 833 1193 102.
879 1144 1007 1189 Link
1053 1145 1224 1189 Eunm.
1258 1143 1304 1190 1.
1349 1159 1395 1202 p.
1424 1139 1503 1190 24.
1537 1144 1738 1204 Spreng.
1774 1148 1889 1204 syst.

364 1228 470 1272 veg.
493 1212 538 1259 1.
574 1227 617 1271 p.
639 1210 718 1258 72.
754 1208 873 1254 Led.
905 1207 978 1252 Fl.
1021 1207 1120 1255 Ait.
1144 1207 1188 1255 1.
1225 1223 1270 1267 p.
1292 1207 1372 1255 33.

270 1278 326 1322 V.
361 1276 494 1321 soliis
534 1273 783 1319 multifidis
817 1271 1095 1317 linearibus.
1163 1269 1320 1316 Gmel.
1355 1270 1441 1315 sib.
1463 1270 1510 1320 3.
1549 1287 1591 1331 p.
1612 1269 1726 1319 222.

273 1339 662 1402 V.,s1·utescens‚
723 1334 956 1382 Abrotani
1014 1334 1159 1393 solio,
1211 1333 1411 1380 floribus
1466 1337 1666 1380 carneis.
1730 1332 1890 1379 Amm.

372 1402 505 1448 ruth.
538 1418 583 1446 n.
609 1402 689 1449 33.

271 1467 468 1513 Habitat
499 1465 550 1510 in
585 1463 757 1514 Sibiria
793 1469 843 1507 et
875 1461 925 1507 in
959 1461 1088 1507 Altai
1121 1466 1193 1523 21..

375 1528 527 1572 Caulis
556 1529 664 1581 {4
696 1525 892 1582 pedalis,
926 1524 1160 1582 obliquus,
1193 1523 1338 1582 magis
1368 1522 1581 1568 minusve
1612 1521 1885 1579 pubescens,

260 1587 489 1629 interdum
520 1585 612 1627 fere
643 1583 811 1642 glaber.
864 1583 992 1624 Folia
1026 1582 1360 1638 approximata,
1391 1582 1486 1623 sere
1517 1579 1885 1634 subfasciculata,

260 1644 419 1685 infima
461 1650 620 1684 exacte
661 1641 866 1696 pinnata,
897 1640 1078 1696 reliqua
1110 1637 1402 1695 pinnatifida,
1442 1639 1623 1681 laciniis
1671 1639 1888 1680 omnibus

261 1699 553 1743 {informibus
584 1699 752 1753 longis,
784 1711 964 1740 summa
993 1695 1183 1737 linearia
1213 1696 1401 1752 integra.
1463 1696 1625 1752 Spicae
1656 1695 1889 1737 solitariae

261 1766 342 1800 aut
379 1760 548 1813 plures.
610 1757 756 1810 Calyx
795 1753 1215 1812 quinquepartitus.
1287 1753 1471 1796 Corolla
1514 1752 1687 1809 pallida
1726 1766 1890 1796 coeru-

259 1818 345 1869 lea,
378 1813 483 1856 alba
512 1820 593 1856 aut
624 1812 785 1854 rariter
815 1825 959 1854 rosea.
1020 1811 1217 1867 Capsula
1248 1809 1414 1854 ovalis.

179 1921 266 1975 34.
303 1923 626 1976 VERONICA
663 1940 689 1971 s
705 1916 1130 1987 essiliflorcz.

273 2023 331 2069 V.
365 2020 494 2067 foliis
553 2017 770 2079 oblongis
821 2016 922 2063 basi
973 2015 1191 2062 cuneatis
1239 2017 1289 2062 in
1339 2015 1571 2079 petiolum
1626 2015 1884 2062 attenuatis

368 2081 984 2148 pectinato-vpinnatifidiQ
1033 2080 1220 2126 laciniis
1263 2081 1586 2141 integerrimis
1635 2080 1885 2126 obtusius-

365 2148 501 2204 culis,
533 2146 771 2210 supremis
803 2145 1065 2191 linearibus
1104 2144 1428 2204 integerrimis
1456 2143 1689 2203 cauleque
1721 2149 1884 2188 erecto

369 2211 733 2273 pubescentibus
745 2244 758 2267 ‚
789 2209 990 2254 floribus
1034 2208 1086 2253 in
1133 2209 1267 2270 spica
1303 2208 1548 2254 terminali
1580 2205 1885 2254 subsolitaria

370 2276 517 2320 densa
550 2281 717 2319 exacte
757 2272 1015 2318 sessilibus.

270 2339 328 2385 V.
362 2338 636 2383 sessilissora
668 2339 844 2397 Bunge.
878 2334 1060 2382 Ledeb.
1092 2336 1218 2382 Icon.
1250 2332 1319 2396 pl.
1344 2333 1416 2380 Fl.
1442 2349 1564 2381 ross.
1591 2334 1673 2381 alt.
1704 2333 1885 2381 illustr.

366 2409 400 2447 t.
421 2402 531 2449 126.
571 2401 643 2446 Fl.
683 2401 764 2444 alt.
792 2401 836 2448 1.
875 2414 919 2458 p.
946 2400 1027 2447 32.
1204 2442 1215 2452 .

267 2465 464 2511 Habitat
494 2467 543 2509 in
576 2463 690 2508 locis
723 2463 962 2509 sterilibus
997 2461 1056 2507 ad
1091 2461 1264 2508 fluvios
1285 2459 1435 2507 Kurai
1468 2466 1517 2506 et
1537 2460 1746 2522 Tschuja
1771 2465 1846 2523 21..

372 2545 489 2584 Tota
533 2543 687 2597 planta
730 2537 1227 2595 villoso—pubescens.
1300 2537 1449 2579 Radix
1493 2537 1701 2596 lignosa,
1750 2537 1880 2581 fibris

261 2606 406 2641 aucta.
466 2600 624 2642 Caules
645 2596 853 2648 solitarii,
887 2595 1228 2651 5-pollicares,
1262 2594 1412 2647 erecti,
1445 2593 1692 2651 simplices.
1741 2595 1883 2637 'Folia

258 2655 570 2712 subopposita>
603 2652 839 2709 superficie
875 2653 1043 2704 caulis3
1076 2652 1231 2693 infima
1262 2652 1671 2710 ovato-oblonga,
1714 2651 1876 2704 incisa,

257 2713 306 2754 in
344 2713 567 2769 petiolum
609 2712 810 2765 ipsarum
851 2709 1141 2767 longitudine
1183 2717 1436 2761 attenuata,
1480 2709 1755 2750 intermedia
1794 2708 1881 2750 ob-

256 2773 408 2827 longa,
441 2768 733 2826 pinnatifida:
765 2766 944 2808 laciniis
977 2767 1139 2818 ovans,
1172 2766 1489 2823 integerrimis,
1524 2765 1907 2822 obtusiusculis;‚

258 2841 437 2870 summa
467 2823 926 2882 oblongo-linearia,
970 2822 1367 2880 subintegerrima,
1411 2830 1558 2865 acuta.
1619 2825 1690 2864 Ex
1719 2818 1878 2864 axillis

255 2884 474 2926 foliorum
505 2883 774 2924 interiorum
805 2880 1064 2922 rudimenta
1093 2894 1323 2922 ramorum
1354 2882 1434 2923 vel
1464 2880 1630 2922 solium
1669 2878 1878 2922 fasciculi

256 2941 554 2997 proveniunt,
588 2953 704 2997 quae
735 2946 890 2980 tamen
920 2937 969 2978 in
1000 2938 1165 2979 nostris
1196 2935 1528 2993 speciminibus
1557 2950 1798 2993 nunquam
1827 2934 1878 2976 in

255 3012 406 3040 ramos
438 2999 727 3052 elongantur.
787 2994 920 3050 Spica
950 2993 1222 3047 terminalis,
1256 2993 1458 3037 solitaria
1499 2992 1609 3045 (nisi
1648 2992 1878 3049 spicarum

255 3055 518 3096 rudimenta
562 3052 803 3107 respicias,
858 3064 974 3108 quae
1022 3050 1073 3092 in
1117 3050 1274 3094 axillis
1320 3064 1608 3093 summorum
1650 3049 1877 3108 soliorum

255 3110 571 3165 enascuntur),
615 3110 771 3151 densa.
828 3110 983 3149 Flores
1025 3116 1189 3150 exaxte
1229 3106 1423 3151 sessiles.
1478 3109 1690 3148 Bracteae
1727 3105 1875 3147 linea-

252 3182 338 3220 res>
372 3171 577 3222 calycem
609 3172 891 3223 superantes.
938 3166 1087 3220 Calyx
1116 3164 1501 3222 quadripartitus:
1529 3162 1711 3205 laciniis
1742 3169 1874 3204 exte-

250 3224 449 3266 rioribus
490 3237 654 3280 parum
692 3220 961 3274 maioribus.
1030 3223 1212 3267 Corolla
1255 3227 1481 3265 coerulea.
1549 3218 1872 3269 Staminaco-

252 3284 368 3324 rolla
396 3279 581 3336 majora.
632 3278 845 3336 (Ledeb.)
1539 3336 1608 3388 35
1663 3334 1713 3388 V
1799 3307 1804 3310 .

1612 3372 1626 3386 .
1714 3348 1872 3385 ERO-
