1964 3640
135 91 140 113 ·
472 60 902 119 MONANDRIA
939 57 1404 115 MONOGYNIA.
1747 58 1813 110 85

165 221 213 265 S.
248 233 409 264 annua
441 216 616 266 Smith.
659 214 801 277 Engl.
833 215 948 260 Bot.
982 210 1093 262 416.

160 285 207 330 S.
241 283 566 347 procumbens
611 280 785 328 Smith.
826 280 955 340 Eng.
1000 279 1111 325 Bot.
1145 282 1185 325 t.
1215 273 1361 326 2475.
1405 274 1578 322 Roem.
1615 284 1668 319 et
1699 268 1811 318 sch.

260 355 376 410 syst.
417 363 524 408 veg.
559 348 605 396 1.
643 364 691 408 p.
717 348 794 394 39·

168 413 217 458 S.
250 419 502 475 prostrata
537 412 657 459 Pall.
691 409 762 456 ill.
802 408 869 472 pl.
903 415 938 454 t.
969 409 1014 457 3.
1048 409 1219 455 Roem.
1252 410 1306 451 et
1337 402 1448 452 Sch.
1482 406 1602 465 syst.
1629 414 1741 461 veg.
1762 399 1809 450 1.

161 544 212 591 S.
247 494 483 606 {Pygmaea
528 539 653 589 Pall.
693 537 765 584 ill.
809 537 877 602 pl.
917 544 952 583 t.
984 539 1029 585 2.
1065 536 1097 583 f.
1127 537 1177 586 2.
1213 537 1383 584 Roem.
1429 539 1481 580 et
1523 528 1642 581 Sch.
1687 537 1808 593 syst.

257 624 363 668 veg.
384 608 430 654 1.
465 621 512 666 p.
533 607 612 654 39.

159 673 206 718 S.
242 671 455 717 acetaria
487 671 606 716 Pall.
641 667 711 714 111.
748 666 814 729 pl.
849 674 885 713 t.
913 668 958 715 1.
991 673 1055 712 ct.
1091 667 1135 714 2.
1172 666 1207 712 f.
1233 667 1281 716 1.

129 735 215 786 ‘?S.
245 736 475 796 ambigua
529 731 777 780 Michaux.
824 748 917 777 am.
957 731 1001 778 1.
1049 747 1098 792 p.
1128 731 1174 777 2.
1234 729 1408 778 Pursh.
1456 745 1549 776 am.
1586 726 1635 789 1.
1679 740 1726 787 p.
1759 724 1807 772 3.

259 803 428 848 Roem.
462 805 515 844 ct
546 797 656 844 Sch.
690 803 808 858 syst.
841 812 947 857 veg.
975 797 1019 844 1.
1053 812 1103 858 p.
1128 793 1205 845 41.
1239 798 1445 856 Spreng.
1481 799 1597 857 syst.
1631 804 1739 852 veg.
1760 789 1805 837 1.

156 882 287 977 Kalip
298 927 627 990 geniculatum
662 923 850 972 Barrel.
889 923 948 970 ic.
993 925 1103 974 192.

161 994 273 1041 Rati
306 991 630 1055 geniculatum
665 991 820 1052 majus
855 990 910 1037 C.
945 989 1109 1036 Bauh.
1144 987 1244 1052 pin.
1278 1004 1326 1050 p.
1351 988 1462 1038 289.

157 1057 448 1107 Salicornia‚
494 1073 530 1102 s.
570 1054 683 1103 Kali
729 1054 1057 1117 geniculatum
1105 1052 1489 1102 vermiculatum
1529 1049 1705 1100 Lobel.
1739 1049 1805 1098 ic.

152 1140 365 1236 Habitai‘
399 1188 449 1233 in
499 1188 700 1249 Europa
743 1192 796 1232 et
844 1183 1075 1233 America
1108 1184 1172 1231 ad
1207 1198 1297 1230 ora
1330 1181 1479 1230 maris
1515 1188 1566 1228 et
1596 1180 1650 1228 in
1681 1180 1806 1226 locis

249 1253 398 1298 salsis.
427 1259 495 1310 O.
1589 1302 1593 1305 1

258 1317 415 1362 Caulis
446 1318 589 1362 6—12
631 1316 746 1371 poll.
791 1317 937 1367 altus,
983 1328 1230 1369 carnosus,
1273 1320 1452 1356 erectus
1491 1317 1572 1354 aut
1609 1309 1806 1354 adscen-

144 1377 274 1428 dens,
307 1375 446 1418 ramis
479 1374 721 1431 oppositis,
753 1373 891 1417 nodis
922 1372 1179 1425 fimbriatis,
1221 1370 1404 1414 fimbria
1439 1370 1662 1427 utrinque
1693 1383 1807 1425 pro—

145 1436 284 1478 ducta
314 1434 418 1476 folii
447 1433 768 1475 rudimentum
799 1431 1069 1475 mentiente.
1130 1433 1290 1473 Flores
1321 1430 1373 1472 in
1402 1427 1615 1485 apicibus
1645 1441 1806 1470 ramo-

141 1509 248 1535 rum
270 1494 511 1550 'prodeunt
540 1508 600 1534 ex
642 1491 921 1533 internodiis
952 1492 1100 1532 multo
1131 1487 1452 1538 brevioribus,
1491 1486 1619 1528 unde
1650 1485 1807 1542 spicae

146 1553 382 1606 videntur,
416 1549 475 1593 ob
507 1549 832 1592 internodium
861 1548 1055 1591 inferius
1085 1547 1204 1590 rami
1234 1562 1333 1590 non
1367 1545 1534 1589 florens
1567 1552 1613 1588 et
1642 1545 1804 1601 paullo

138 1610 351 1669 longius,
401 1609 720 1666 pedicellatae.
782 1610 972 1651 Stamen
1016 1615 1124 1664 post
1174 1608 1372 1650 alterum
1419 1604 1586 1663 utique
1630 1601 1806 1662 prodit.

139 1670 366 1725 Calycum
399 1668 577 1710 lamina
608 1666 916 1724 superficialis
945 1668 1179 1724 angulata.

50 1784 100 1830 2.
138 1778 522 1833 SALICORNIA
564 1777 857 1831 radicem
872 1797 913 1830 5.

143 1874 189 1920 S.
225 1871 370 1920 caule
403 1871 594 1933 lignoso
639 1870 901 1918 articulato
935 1869 1037 1917 basi
1080 1869 1358 1926 radicante,
1405 1866 1628 1916 articulis
1679 1866 1802 1913 sub-

248 1935 556 2000 cylindricis,
602 1936 838 1998 geniculis
896 1936 1186 2000 compressis
1237 1935 1416 1984 leviter
1469 1931 1803 1995 emarginatis‚

248 2003 394 2064 spicis
431 1995 652 2062 oblongis
686 2000 905 2047 tumidis.
1774 2051 1778 2055 Δ

147 2071 198 2118 S.
238 2067 465 2122 radicans
498 2066 672 2112 Smith.
709 2065 856 2127 Engl.
892 2067 1000 2111 Bot.
1035 2073 1068 2112 t.
1092 2065 1234 2115 1691.
1265 2067 1437 2112 Roem.
1473 2069 1524 2108 et
1549 2061 1658 2110 Sch.
1683 2066 1799 2125 syst.

240 2149 348 2193 veg.
378 2132 419 2179 1.
440 2149 486 2193 p.
509 2127 586 2180 39.
614 2133 762 2177 Mert.
786 2138 837 2177 et
860 2130 1014 2177 Koch.
1049 2132 1115 2178 D.
1147 2133 1282 2179 FIor.
1303 2130 1348 2178 1.
1376 2146 1424 2194 p.
1445 2128 1558 2179 292.
1591 2129 1800 2191 Spreng.

245 2204 361 2259 syst.
398 2212 504 2257 veg.
527 2197 569 2244 1.
601 2211 649 2256 p.
672 2196 752 2244 18.

147 2262 352 2310 Habitat
383 2261 435 2307 in
475 2261 679 2321 Angha,
714 2259 995 2306 Germania.
1031 2265 1100 2322 21..

254 2324 404 2369 Radix
433 2339 614 2383 repens.
674 2326 836 2381 stylus
866 2325 1099 2383 profunde
1129 2322 1392 2383 bipartitus.

50 2437 102 2490 3.
141 2435 528 2492 SALICORNIA
553 2432 950 2505 fruticosa.

146 2533 196 2579 S.
228 2530 371 2577 caule
409 2528 653 2575 fruticoso
689 2535 774 2575 aut
820 2529 1195 2587 arborescente,
1237 2526 1533 2576 internodiis
1566 2522 1804 2574 floriferis

245 2594 477 2642 brevibus
512 2593 945 2656 aequilateralibus
984 2611 1012 2639 a
1046 2593 1242 2641 fimbria
1275 2594 1529 2659 separatis.

147 2662 193 2706 S.
229 2660 473 2705 fruticosa
504 2659 734 2720 Thunbg.
771 2674 877 2720 cap.
913 2660 955 2707 1.
992 2674 1041 2718 p.
1072 2661 1115 2708 1.
1151 2659 1325 2710 Willd.
1361 2675 1432 2722 sp.
1469 2657 1535 2721 pl.
1567 2658 1611 2705 1.
1647 2671 1697 2718 p.
1724 2654 1806 2704 23.

112 2725 135 2770 ’Β
150 2726 195 2771 S.
227 2723 479 2770 brachiata
511 2724 668 2770 Roxb.
700 2723 800 2770 ind.
841 2725 883 2772 1.
919 2741 967 2788 p.
985 2725 1064 2774 32.
1103 2726 1275 2772 Roem.
1309 2732 1363 2772 et
1394 2722 1506 2772 Sch.
1540 2729 1656 2787 syst.
1693 2734 1803 2783 veg.

245 2796 393 2834 mant.
416 2789 458 2836 1.
485 2805 537 2850 p.
554 2788 634 2838 56.

148 2852 348 2900 Habitat
379 2853 431 2897 in
469 2855 634 2900 Prom.
668 2854 716 2899 b.
751 2854 882 2917 spei3
914 2853 965 2900 in
998 2854 1157 2900 hortis
1192 2855 1385 2902 colitur.
1414 2853 1478 2918 ¹1⁵)-

261 2915 547 2972 Saepissime
579 2918 772 2962 consusa
802 2932 912 2962 cum
941 2921 1233 2962 Halocnemo
1253 2918 1495 2971 fruticoso,
1513 2915 1591 2961 cui
1609 2920 1808 2971 excepta

61 2992 63 2995 ·
142 2973 501 3019 fructificatione
531 2975 785 3023 simillima.
833 2978 989 3022 Caulis
1023 2980 1142 3020 altus
1177 2977 1407 3036 lignosus,
1436 2976 1581 3018 ramis
1611 2972 1810 3016 inferio-

144 3032 276 3077 ribus
304 3031 477 3089 longis,
509 3033 829 3089 superioribus
861 3043 908 3077 et
944 3035 1126 3078 ultimis
1163 3034 1405 3078 brevibus.
1461 3032 1596 3076 Rami
1633 3030 1808 3075 cortice

148 3089 381 3135 exsiccato
413 3096 595 3146 teretes,
625 3090 809 3134 fimbria
837 3093 1063 3151 utrinque
1092 3093 1180 3138 vix
1214 3093 1465 3136 eminente.
1506 3091 1673 3147 Spicae
1700 3091 1809 3131 lon·-

149 3165 231 3208 gae
263 3163 289 3190 a
315 3155 341 3193 2
373 3148 489 3204 poll.
521 3155 568 3190 et
597 3151 732 3202 ultra,
766 3159 847 3194 aut
875 3152 1058 3195 sessiles
1089 3159 1169 3194 aut
1208 3150 1268 3194 ob
1301 3148 1567 3193 internodia
1596 3161 1694 3190 non
1722 3144 1811 3188 flo-

146 3207 298 3250 rentia
327 3204 502 3260 majora
533 3213 578 3248 et
607 3207 820 3251 tenuiora
857 3209 1198 3265 pedunculatae
1238 3215 1478 3265 apparent.
1544 3203 1811 3251 Internodia

147 3264 359 3309 florentia
371 3262 534 3310 brevia
553 3261 848 3323 subglobosa,
863 3266 1046 3313 fimbria
1069 3267 1347 3314 intermedia
1370 3272 1599 3311 exstante.
