1964 3640
193 150 296 202 100
607 144 1037 201 MONANDRIA
1073 143 1433 200 MONOGYN
1436 145 1527 199 1A.

286 295 417 344 4-10
445 298 560 354 poll.
591 298 754 352 longa,
797 298 894 337 2-3
926 293 1042 345 poll.
1077 292 1193 343 lata,
1236 298 1381 348 supra>
1403 292 1581 350 glabra,
1619 294 1827 351 exceptis
1857 295 1920 338 li-
1961 326 1964 333 .

282 355 383 397 neis
414 354 628 397 concavis
657 348 1040 409 pubescentibus,
1074 347 1235 390 subtus
1264 349 1315 390 in
1339 365 1484 392 nervo
1509 351 1663 393 medio
1693 352 1919 410 venisque

281 411 618 468 approximatis
674 408 904 464 parallelis
951 420 1117 462 parum
1172 405 1289 446 intra
1337 407 1592 463 marginem
1638 409 1917 452 combinatis

281 470 417 513 valde
462 466 652 510 elevatis
695 465 855 521 inque*
880 463 1064 507 venulis
1108 462 1325 518 plurimis
1370 464 1491 506 inter
1531 479 1605 507 eas
1645 465 1928 509 densissime

279 525 559 568 reticulatim
599 521 859 578 dispositis,
901 519 1230 579 glabrescentia
1267 528 1312 562 et
1354 536 1455 562 rore
1487 523 1800 578 glaucescente
1834 524 1918 566 ad-

280 596 451 638 spersa.
513 580 801 635 Stipularum
839 581 944 620 loco
988 578 1234 633 glandulae
1265 576 1563 624 orbiculares.
1622 580 1917 623 Pedunculus

280 638 385 683 2-4
425 639 539 693 poll.
572 639 760 693 longus,
802 643 1095 691 tetragonus,
1138 635 1339 676 tenuiter
1370 634 1648 691 pubescens3
1698 637 1917 693 pedicelli

278 694 522 738 bracteati.-
572 694 782 736 Petalum
808 691 965 735 album
989 691 1089 735 basi
1112 691 1299 747 flavum,
1332 698 1356 736 2
1390 696 1504 749 poll.
1529 696 1691 749 latum,
1725 694 1779 749 1&
1804 695 1917 751 poll.

279 754 489 810 longum.

193 875 240 926 8.
283 873 548 946 QUAEEA
582 870 904 949 multiflo
919 893 1011 925 ra.

292 990 354 1050 Q.
388 988 515 1036 foliis
549 987 787 1050 oppositis
822 987 1034 1034 ternisve
1065 986 1220 1033 ovatis
1249 986 1683 1034 lato—lanceolatis
1717 985 1797 1035 vel
1827 986 1916 1032 ob-

383 1052 540 1114 longis
575 1052 855 1097 acuminatis
894 1068 1041 1113 supra
1081 1052 1261 1111 glabris
1296 1053 1462 1097 subtus
1503 1054 1700 1097 costatis
1734 1049 1916 1097 reticu*

382 1117 494 1163 latis
531 1116 707 1177 glabris
742 1115 820 1161 vel
855 1116 1247 1177 pubescentibus,
1286 1115 1570 1178 pedunculis
1603 1116 1801 1178 pilosiS,
1833 1132 1915 1161 ra—

385 1180 532 1226 cemis
595 1179 877 1227 axillaribus
938 1179 1363 1235 terminalibusve,
1423 1180 1598 1225 ssorum
1662 1179 1914 1227 verticillis

385 1244 697 1300 distantibus,
742 1244 918 1305 calyeis
974 1243 1144 1289 feliolo
1195 1260 1382 1289 summo
1432 1244 1916 1304 truncato-emargi-

379 1315 510 1362 natO,
543 1309 730 1354 calcare
765 1311 1031 1370 ovarioque
1065 1307 1412 1353 hirsutissimis.
1653 1366 1655 1368 -
1793 1328 1801 1337 -

293 1376 353 1436 Q.
390 1373 651 1419 multiflora
684 1373 830 1418 Mart.
863 1388 974 1419 nov.
1003 1388 1107 1432 gen.
1132 1380 1194 1416 et.
1215 1388 1285 1433 sp.
1325 1390 1368 1433 p.
1393 1367 1501 1420 134.
1535 1378 1569 1416 t.
1587 1372 1667 1421 80,
1712 1374 1913 1434 Spreng.

382 1439 496 1498 sySt.
531 1452 636 1496 veg.
672 1452 771 1481 cur.
807 1444 931 1497 post.
974 1453 1020 1498 p.
1042 1439 1088 1485 9.
1156 1438 1233 1481 De
1267 1437 1418 1483 Cand.
1447 1436 1596 1486 Prod.
1633 1453 1681 1498 p.
1702 1437 1782 1486 29.
1907 1444 1910 1445 ⁷

283 1501 486 1550 Habitat
518 1502 570 1546 in
602 1499 808 1546 Brasilia
841 1499 902 1563 ἦ.

387 1577 542 1622 Arbor
580 1584 734 1623 10-20
775 1579 879 1634 ped.
921 1577 1156 1620 interdum
1197 1579 1372 1631 frutex,
1419 1578 1556 1623 ramis
1593 1578 1813 1622 tortuosis
1858 1578 1911 1620 in

273 1650 454 1680 comam
485 1634 812 1694 subglobosam
846 1637 1079 1691 expansis.
1140 1637 1266 1678 Folia
1298 1637 1501 1678 breviter
1532 1638 1768 1692 petiolata,
1802 1637 1911 1681 3-6

271 1697 388 1752 poll.
415 1697 577 1751 longa,
615 1702 634 1736 1
655 1699 719 1737 -2
753 1696 866 1749 poll.
896 1697 1001 1746 lata,
1036 1703 1318 1746 mucronata,
1353 1694 1453 1736 basi
1477 1695 1733 1748 rotundata,
1766 1708 1913 1735 nervo

270 1752 427 1797 medio
452 1751 679 1808 venisque
711 1751 925 1807 plurimis
960 1752 1295 1807 approximatis
1327 1752 1560 1808 parallelis
1591 1752 1709 1793 intra
1740 1751 1914 1808 margi-

272 1825 381 1853 nem
414 1807 715 1860 combinatis,
758 1823 896 1864 supra
926 1808 1338 1851 concavo-subtus
1373 1809 1800 1852 convexo-lineata
1830 1823 1914 1850 ve·-

271 1867 493 1924 nulisque
533 1865 824 1908 tenuioribus
854 1867 970 1908 inter
1002 1867 1240 1921 primarias
1274 1867 1474 1910 obsolete
1505 1866 1754 1908 reticulata.
1817 1865 1913 1907 Sti-

270 1927 490 1981 pularum
529 1926 632 1965 loco
672 1924 916 1981 glandulae
961 1923 1268 1966 orbicularem
1325 1925 1619 1966 Pedunculus
1661 1924 1762 1968 3-6
1794 1925 1909 1979 poll.

270 1984 460 2037 longus,
504 1980 869 2036 subangulatusr,
922 1982 1141 2036 pedicelli
1179 1981 1365 2023 unissori
1406 1981 1640 2024 bracteati.
1698 1982 1911 2024 Petalum

268 2037 490 2097 pollicem
520 2038 615 2081 sere
645 2040 838 2096 longum
870 2041 1133 2098 latumque,
1165 2041 1510 2085 ochroleucum.
1561 2095 1565 2098 ,

150 2185 152 2188 ·
187 2163 237 2215 9.
277 2161 540 2233 QUALEA
566 2159 996 2233 parviflorcc.

286 2264 349 2325 Q.
389 2261 1416 2324 subpulverulento-tomentoso—incana,
1473 2262 1606 2309 foliis
1670 2259 1908 2322 oppositis

379 2325 463 2373 vel
496 2326 696 2372 alternis
731 2327 952 2386 oblongis
998 2327 1078 2373 vel
1110 2328 1552 2386 lineari—oblongis
1597 2325 1782 2371 obtusis
1827 2325 1910 2370 vel

376 2389 687 2435 acutiusculis
719 2390 799 2436 vel
828 2390 1059 2451 utrinque
1087 2394 1165 2438 vel
1200 2393 1369 2437 subtus
1395 2399 1582 2443 tantum
1608 2391 1910 2435 canescenti-

376 2453 663 2499 tomentosis
703 2453 784 2500 vel
827 2454 1096 2513 subglabris
1130 2455 1325 2501 costatis
1358 2454 1653 2511 reticulatis,
1701 2453 1905 2499 racemis

377 2516 660 2563 lateralibus
711 2517 792 2564 vel
837 2518 1178 2565 terminalibus
1223 2535 1564 2579 nonnunquam
1609 2518 1908 2579 subpanicu-

378 2581 505 2636 latis,
545 2581 719 2644 calycis
753 2582 1049 2628 canescentis
1085 2585 1271 2630 calcare
1302 2591 1500 2644 patente
1534 2583 1721 2627 obtuso.

280 2643 341 2705 Q.
373 2644 635 2708 parvissora
667 2647 815 2691 Mart.
844 2661 956 2692 nov.
985 2662 1091 2707 gen.
1122 2655 1184 2693 ct.
1215 2665 1287 2709 sp.
1315 2647 1480 2707 p.135.
1515 2656 1548 2692 t.
1570 2646 1649 2694 81.
1702 2649 1904 2707 Spreng.

376 2716 490 2770 syst.
526 2725 631 2769 veg.
667 2725 768 2754 cur.
804 2717 929 2771 post.
963 2726 1012 2772 p.
1034 2711 1111 2760 10.
1192 2713 1269 2758 De
1310 2712 1461 2759 (land.
1503 2712 1645 2757 Prod.
1665 2712 1715 2760 3.
1755 2727 1803 2773 p.
1827 2710 1906 2759 29·
1962 2728 1964 2730 ·

282 2771 485 2818 Habitat
516 2771 567 2817 in
605 2773 815 2818 Brasilia
849 2772 912 2836 ἦ.
1884 2778 1887 2779 ’

382 2848 535 2892 Arbor
567 2856 721 2895 15-20
753 2851 944 2905 pedalis,
975 2866 1109 2895 coma
1139 2851 1278 2895 densa
1309 2852 1601 2911 subglobosa,
1632 2860 1799 2894 trunco
1829 2864 1907 2893 ra-

264 2905 448 2965 misque
492 2907 634 2950 tortis.
717 2908 847 2949 Folia
901 2908 1102 2952 breviter
1150 2911 1365 2966 petiolata
1411 2909 1520 2956 2-4
1577 2913 1691 2967 poll.
1747 2912 1902 2966 longa,

269 2970 435 3009 10-18
467 2964 553 3007 lin.
586 2967 704 3017 lata,
747 2962 846 3007 basi
889 2967 1035 3024 magis
1074 2968 1291 3010 minusve
1331 2969 1575 3010 rotundata
1611 2976 1655 3010 et
1683 2980 1906 3009 nonnun-

265 3035 410 3078 quam
439 3020 737 3074 subcordata,
780 3037 924 3064 nervo
957 3024 1112 3066 medio
1155 3025 1381 3082 venisque
1424 3025 1640 3068 tenuibus
1673 3023 1905 3077 parallelis

266 3077 383 3119 infra
424 3078 677 3136 marginem
707 3078 985 3123 combinatis
1025 3081 1184 3124 subtus
1226 3085 1362 3124 valde
1395 3081 1765 3139 prominentibus
1797 3094 1908 3134 per-

265 3147 412 3178 cursa.
475 3137 760 3193 Stipularum
780 3139 884 3178 loco
907 3139 1153 3193 glandulae
1178 3139 1379 3183 minores
1403 3148 1453 3182 ut
1474 3139 1525 3182 in
1550 3137 1902 3197 congeneribus.

193 3243 199 3248 ,
264 3193 559 3237 Pedunculus
589 3193 960 3249 subtetragonus‚
994 3196 1287 3253 longitudine
1317 3198 1438 3240 inter
1466 3205 1557 3240 tres
1588 3205 1633 3239 et
1664 3204 1766 3238 octo
1797 3197 1904 3251 pol-

261 3247 375 3346 ξορρ
405 3249 605 3349 νὲζὲειιιε.
643 3251 863 3294 Pedicelli
893 3250 1080 3295 uniflori
1111 3252 1347 3299 bracteati.
1387 3253 1900 3303 Petalum'violaceum‚

296 3318 361 3349 asi
392 3313 436 3349 al
471 3323 487 3351 1
522 3320 616 3352 um.
