1964 3640
143 170 147 171 ⁷
209 203 272 246 ιν
830 138 1292 224 PRAEFATIO.

212 344 532 406 difficultates
562 333 682 390 'istic
723 330 939 384 latentes
986 323 1118 377 bene
1168 335 1403 381 nossem,
1456 311 1510 365 id
1558 309 1911 386 succepissem‚

213 473 314 529 nisi
349 471 425 524 vir
460 464 545 518 ille
581 452 978 514 humanissimus
1015 443 1154 501 Link
1189 440 1321 497 ultro
1358 459 1440 492 me
1483 435 1764 501 incitasset,
1818 431 1912 485 mi·
1941 468 1946 469 ν

214 597 367 670 hique
403 585 736 668 promisisset,
777 598 831 632 se
869 588 919 630 et
954 571 1097 626 libris
1136 581 1186 623 et
1223 563 1435 621 consilio
1465 570 1670 637 praesto
1694 556 1817 610 mihi
1839 554 1915 609 fu-

216 735 405 786 turum,
468 711 602 789 quod
652 724 851 783 quoque
893 700 949 754 in
995 691 1312 756 elaborando
1359 706 1512 763 opere
1548 695 1706 758 grato
1751 681 1919 736 animo

220 866 334 901 sum
369 838 682 898 recordatus.

365 1088 468 1145 His
506 1083 709 1161 quidem
745 1074 979 1153 auspiciis
1001 1089 1129 1147 opus
1159 1065 1298 1122 istud
1323 1077 1596 1138 aggressus
1625 1075 1752 1124 sum,
1789 1055 1928 1125 cujus

228 1220 335 1293 jam
369 1213 589 1289 primum
625 1206 863 1262 volumen
901 1218 1073 1254 eorum
1110 1193 1324 1247 traditur
1360 1186 1572 1262 judicio,
1622 1181 1709 1256 qui
1743 1176 1934 1231 faciunt

229 1339 537 1397 botanicam.
627 1328 869 1386 Continet
915 1335 1084 1376 autem
1127 1318 1225 1371 hoe
1281 1313 1483 1388 quidem
1530 1307 1768 1363 volumen
1813 1298 1936 1354 Mo-

231 1461 505 1518 nandriam
542 1456 762 1509 classem
810 1463 960 1522 atque
996 1441 1333 1506 Diandriam,
1390 1435 1549 1490 altero
1596 1433 1701 1506 jam
1747 1424 1937 1479 Trian-

236 1585 402 1640 driam
437 1575 813 1650 Monogsyniam
860 1585 909 1624 et
952 1569 1099 1623 tertio
1146 1566 1347 1620 demum
1395 1555 1728 1613 Triandriam
1776 1549 1941 1623 Digy-

234 1689 373 1761 niani
409 1716 458 1759 et
491 1697 792 1773 Trigyniam
829 1710 1205 1769 persequemur.

381 1952 503 2026 Quo
546 1949 625 2017 fit,
679 1959 735 2001 ut
778 1945 998 2022 primum
1035 1938 1203 2015 operis
1241 1927 1680 1990 Willdenowiani
1715 1924 1952 1980 volumen

239 2082 296 2134 in
331 2066 541 2153 triplum
580 2084 838 2147 augeatur,
875 2069 929 2122 id
967 2065 1103 2141 quod
1138 2080 1386 2116 novarum
1421 2056 1712 2133 plantarum
1744 2066 1950 2103 numero

244 2203 440 2274 adjecto
479 2200 588 2252 fieri
624 2196 769 2250 aliter
804 2213 910 2247 non
945 2202 1175 2266 poterat,
1238 2198 1287 2239 et
1324 2203 1384 2237 eo
1422 2180 1588 2252 magis
1600 2220 1615 2244 ‚
1667 2195 1821 2249 quum
1855 2171 1952 2225 hoe

243 2325 415 2398 ipsum
452 2319 688 2373 volumen
726 2316 876 2369 totius
916 2313 1084 2386 operis
1122 2310 1328 2362 minime
1367 2316 1502 2359 esset
1546 2301 1751 2376 plenum
1801 2310 1951 2371 atque

246 2445 541 2518 perfectum.

394 2669 583 2723 Cetera
619 2667 892 2732 volumina,
943 2678 999 2719 ut
1037 2683 1252 2738 quorum
1290 2661 1439 2735 copia
1478 2657 1602 2712 satis
1641 2673 1827 2727 magna
1864 2652 1952 2706 ad-

251 2794 347 2848 huc
382 2805 587 2869 praesto
626 2792 716 2858 sit,
765 2791 820 2845 in
863 2809 1050 2844 novam
1096 2788 1233 2841 haud
1283 2785 1463 2840 cadent
1513 2783 1808 2845 editionem,
1866 2774 1955 2830 sed

252 2916 618 2992 supplementis
656 2916 995 2981 ornabuntur,
1036 2913 1216 2987 quihus
1256 2923 1307 2964 et
1343 2928 1504 2963 novae
1542 2906 1748 2981 plantae
1784 2921 1951 2956 recen-

251 3040 369 3095 tiori
402 3054 630 3116 tempore
666 3052 918 3114 repertae,
981 3050 1030 3092 et
1080 3057 1206 3112 quae
1256 3035 1454 3110 passim
1490 3029 1787 3105 corrigenda
1823 3037 1953 3091 sunt,

252 3162 575 3239 colligentur,
630 3164 885 3239 siquidem
920 3162 1071 3217 hodie
1109 3160 1268 3215 multa
1304 3161 1409 3233 jam
1446 3156 1626 3212 melius
1663 3162 1953 3216 noscantur,

255 3306 407 3361 quam
440 3300 670 3364 tempore
701 3288 935 3344 auctoris,
