1964 3640
157 137 262 178 vm
789 120 1243 176 PRAEFATIO.

296 278 525 336 Nomina
573 280 774 352 linguae
822 277 1119 333 vernaculae
1171 276 1327 329 cuivis
1376 277 1582 351 plantae
1620 298 1651 332 a
1687 277 1857 334 Will-

153 403 384 457 elenowio
409 390 585 471 indita,
611 416 782 478 utpote
808 400 1017 467 inutilia,
1073 399 1228 474 plane
1253 399 1421 472 rejeci,
1450 386 1702 474 siquidem
1727 424 1873 483 nun·⁷

153 546 305 600 quam
342 548 403 581 eo
439 525 726 602 perventuri
764 543 873 578 esse
911 523 1163 590 videmur,
1221 536 1276 577 ut
1321 523 1618 578 harmonica
1654 525 1856 599 linguae

151 651 449 705 vernaculae
486 651 538 705 in
575 648 727 704 rebus
764 647 1015 709 botanicis
1042 644 1440 707 Nomenclatura
1476 648 1660 724 ubique
1695 649 1853 708 intro-

150 774 373 835 (lucatur,

288 1022 411 1078 Jam
446 1042 568 1078 vero
608 1025 746 1098 quod
790 1024 858 1077 ad
907 1024 1276 1100 plenitudinem
1319 1025 1489 1100 operis
1537 1025 1739 1093 attinet,
1801 1025 1855 1078 id

145 1149 250 1221 egi,
288 1161 344 1202 ut
383 1161 624 1223 quantum
662 1147 770 1203 fieri
805 1162 1010 1223 posset,
1050 1150 1244 1218 omnia,
1307 1170 1434 1225 quae
1471 1149 1729 1223 hucusque
1767 1150 1853 1204 dc-

142 1272 330 1346 scripta
356 1286 540 1340 essent,
577 1272 880 1347 reciperem3
920 1274 965 1327 si
990 1285 1158 1327 tamen
1182 1287 1385 1348 praeter
1420 1273 1734 1328 voluntatem
1757 1272 1854 1328 hoc
1890 1335 1902 1350 l

143 1395 223 1449 vel
261 1396 388 1450 illud
423 1397 620 1472 passim
657 1397 998 1466 desideretur,
1049 1398 1104 1452 id
1147 1398 1269 1453 mihi
1317 1420 1376 1454 ex
1411 1399 1708 1473 proverbio:
1762 1411 1869 1465 „ut‘

141 1519 309 1574 desint
359 1520 496 1574 vires
542 1533 713 1575 tamen
761 1535 839 1576 est
886 1521 1144 1577 laudanda
1191 1521 1456 1577 voluntas''
1511 1523 1853 1577 condonatum

137 1642 201 1695 iri
249 1663 426 1717 spem,
457 1645 743 1719 ·siquiden1
793 1645 901 1700 fieri
947 1647 1028 1701 vix
1064 1660 1259 1723 potest,
1320 1660 1379 1700 ut
1417 1646 1527 1722 quis
1567 1646 1738 1700 omnia
1774 1645 1851 1700 in-

76 1835 82 1841 ·
134 1768 357 1841 spexerit
394 1768 583 1843 scripta
620 1782 771 1843 atque
809 1771 1012 1844 legerim
1052 1785 1101 1825 et
1139 1774 1225 1847 qui
1264 1771 1424 1826 simile
1462 1791 1687 1845 unquam
1725 1791 1852 1845 opus

135 1892 373 1966 suscepit,
412 1891 546 1947 haud
571 1894 844 1967 ignorabit,
883 1895 965 1949 vel
992 1916 1152 1965 suma,
1189 1918 1252 1950 ne
1291 1896 1411 1970 quid
1450 1896 1724 1963 omittatur,
1763 1895 1849 1948 de-

135 2016 241 2069 dita
280 2035 452 2090 opera,
490 2037 596 2071 non
634 2030 805 2072 tamen
840 2019 969 2073 nihil
1006 2020 1217 2094 negligi.
1272 2020 1480 2074 Interim
1518 2019 1761 2095 quidquid
1796 2020 1849 2074 in

136 2140 465 2194 elaborandis
507 2142 833 2216 sequentibus
872 2143 1243 2213 voluminibus,
1300 2157 1385 2199 aut
1423 2112 1637 2219 “proprio
1674 2145 1847 2199 Marte

74 2275 78 2281 ’
129 2276 216 2317 aut
251 2262 503 2319 benevolo
531 2264 745 2319 aliorum
780 2267 977 2321 monitu
1003 2268 1157 2322 etiam
1195 2268 1592 2343 deprehendere,
1629 2268 1684 2321 in
1720 2287 1839 2343 ευρ,

129 2385 503 2460 plementorum
539 2386 835 2441 fasciculum
871 2372 1130 2463 recipiam.
1203 2392 1444 2465 Inprimis
1483 2390 1580 2444 hoc
1616 2391 1838 2446 referen-

131 2510 252 2563 dum
292 2510 485 2564 videtur
522 2510 587 2563 ad
620 2511 1090 2568 Commentationes
1130 2515 1191 2569 (le
1232 2515 1551 2570 Scitamineis
1590 2514 1839 2569 exhibitas

131 2652 161 2685 a
197 2632 402 2700 Bluine,
441 2632 693 2687 Wallich
731 2648 780 2689 et
816 2635 997 2691 Pressl
1018 2638 1091 2706 *),
1137 2659 1230 2692 nec
1267 2658 1371 2692 non
1407 2639 1472 2693 ad
1508 2635 1842 2714 Peperomias

197 2838 241 2893 *)
272 2840 530 2893 Nonnullae
572 2846 723 2883 tamen
765 2840 1066 2887 Scitamineae
1105 2857 1131 2885 a
1160 2846 1308 2888 Pressl
1348 2845 1631 2902 propositae,
1690 2830 1840 2889 adhuc

268 2922 532 2980 interjectae
562 2933 683 2977 sunt,
717 2941 861 2984 quum
892 2926 1021 2980 aliae,
1055 2943 1169 2986 quas
1201 2929 1376 2988 absque
1405 2931 1514 2973 flore
1534 2938 1709 2973 tantum
1730 2945 1842 2974 auc-
1889 2922 1892 2923 ⁷

268 3017 338 3064 tor
381 3008 600 3064 vidisset,
654 3009 778 3059 bono
822 3011 1015 3055 consilio
1057 3014 1396 3069 omitterentur,
1449 3024 1609 3073 utpote
1649 3016 1832 3070 dubiae3

271 3108 393 3137 nova
424 3107 612 3151 genera,
656 3105 905 3152 conspectu
936 3113 1155 3156 generum
1188 3088 1314 3157 typis
1351 3100 1444 3157 jam
1473 3101 1722 3160 impresso,
1762 3116 1836 3144 re-

275 3177 369 3235 cipi
420 3193 516 3222 non
577 3187 810 3238 poterant,
872 3190 918 3226 et
975 3185 1244 3243 ceteroquin
1300 3187 1568 3232 accuratiori
1624 3186 1838 3246 indigent

269 3263 495 3308 examine.
