1964 3640
715 98 1189 157 PRAEFATIO.
1604 76 1606 78 ’
1737 109 1825 152 vn

236 266 565 341 DiagnoseS,
615 263 705 317 ubi
754 257 1152 337 descriptionem
1189 257 1411 313 auctoris
1450 257 1665 332 alicujus
1700 256 1828 312 reci-

94 413 293 470 perem,
332 413 393 447 ex
430 390 613 446 eodem
651 389 989 465 depromptae
1028 398 1172 454 sunt,
1210 384 1308 439 nisi
1347 384 1511 460 quod,
1558 382 1648 439 ubi
1683 383 1831 438 istius

94 517 248 573 nimis
297 536 481 573 manca
534 515 792 570 videretur
847 512 1141 588 diagnosis,
1200 531 1393 566 novam
1447 509 1619 564 facere
1673 528 1830 563 ausus

97 664 226 712 sum,
274 665 369 699 nec
406 656 595 709 tamen,
643 639 744 694 nisi
783 640 830 693 si
865 650 954 693 aut
989 638 1269 713 specimina
1306 636 1578 713 originalia
1613 635 1670 690 in
1707 655 1830 689 con-

98 783 275 845 spectu
311 768 569 834 haberem,
608 777 694 819 aut
731 763 776 818 si
813 762 1100 839 specierum
1136 782 1243 816 non
1277 763 1547 819 dubiarum
1572 761 1832 839 exempla-

98 896 176 950 ria
213 894 294 949 vel
329 893 448 947 viva
484 891 567 947 vel
603 891 734 946 bene
784 889 974 945 siccata
1020 887 1147 943 mihi
1197 907 1603 964 comparassem.
1676 886 1832 944 Nun-

99 1039 254 1095 quam
290 1038 414 1074 vero
452 1017 701 1086 commisi,
739 1029 795 1071 ut
832 1027 920 1070 aut
955 1029 1061 1070 tam
1098 1013 1372 1089 diagnosin
1411 1033 1566 1088 quam
1604 1015 1834 1090 descrip-
1876 1030 1880 1035 ·

100 1146 290 1202 tionem
345 1167 409 1201 ex
447 1144 646 1202 duobus
687 1163 1051 1219 componerem
1087 1140 1437 1217 scriptorihUS,
1475 1153 1565 1196 aut
1588 1161 1651 1196 ex
1675 1142 1857 1196 altero-

102 1272 527 1348 descriptionem,
585 1293 646 1328 ex
684 1271 846 1326 altero
887 1269 1162 1351 diagnosin
1199 1268 1576 1344 depromerem.
1648 1267 1837 1323 Raris-

101 1400 228 1456 sime
266 1414 443 1456 tamen
479 1413 529 1456 et
568 1399 775 1476 quidem
813 1396 1165 1474 exemplorum
1201 1395 1605 1451 clarissimorum
1629 1415 1838 1471 compa-

100 1527 300 1583 ratione
337 1527 599 1596 instituta,
654 1526 710 1580 in
745 1544 919 1580 meam
954 1536 1063 1578 tam
1102 1521 1379 1597 diagnosin
1417 1540 1574 1597 quam
1610 1521 1837 1597 descrip-

101 1654 294 1708 tionem
330 1653 529 1730 passim
564 1651 817 1708 nonnulla
854 1674 916 1707 ex
952 1651 1068 1706 aliis
1104 1649 1277 1725 recepi
1324 1648 1691 1725 scriptoribus,
1748 1669 1840 1703 ne-

104 1801 202 1857 que
239 1780 339 1837 hoc
376 1794 561 1849 tamen,
600 1781 704 1835 nisi
740 1799 886 1834 meae
922 1777 1132 1854 plantae
1171 1790 1325 1852 atque
1365 1775 1430 1830 ab
1468 1774 1571 1830 alio
1611 1774 1840 1851 descrip»

104 1923 185 1965 tae
222 1908 544 1964 identitatem
578 1906 866 1962 luculenter
901 1905 1147 1960 haberem
1176 1903 1581 1979 comprobatam.

247 2162 534 2230 Citationes
584 2174 651 2228 et,
681 2162 986 2236 Syno‘nyma
1033 2158 1172 2213 haud
1221 2157 1326 2213 fere
1370 2157 1472 2211 nisi
1516 2174 1636 2211 meo
1683 2155 1843 2233 ipsius

107 2302 388 2365 conspectu
425 2288 744 2356 examinata,
783 2287 1040 2341 interdum
1079 2306 1199 2340 vero
1239 2285 1424 2352 etiam,
1461 2283 1550 2338 uhi
1587 2303 1718 2359 opus
1754 2304 1846 2337 ne-

108 2416 215 2470 scio
256 2415 393 2490 quod
430 2415 667 2470 evolvere
705 2434 812 2468 non
850 2413 1051 2480 liceret,
1098 2411 1318 2466 aliorum
1357 2410 1582 2470 confisus
1621 2409 1844 2465 auctori-

109 2555 211 2597 tate
249 2543 433 2619 recepi.
512 2542 754 2597 Ceterum
791 2538 919 2593 nihil
959 2559 1083 2593 sane
1124 2538 1380 2593 difficilius
1418 2537 1638 2605 videtur,
1689 2557 1847 2613 quam

112 2639 414 2745 Synonyma
463 2640 751 2743 corrigere,
813 2667 889 2721 ita
937 2680 994 2720 ut
1041 2665 1340 2741 saepissime
1393 2684 1596 2719 summa
1648 2676 1849 2718 tantum

111 2816 224 2850 cum
261 2794 722 2861 verisimilitudine,
762 2793 1022 2847 rarissime
1061 2812 1182 2846 vero
1210 2791 1490 2846 certissima
1514 2789 1850 2865 persuasione

114 2942 222 2976 rem
267 2922 511 2996 perficere
561 2920 755 2997 possi&
833 2917 1044 2991 Quodsi
1094 2938 1217 2973 vero
1265 2894 1398 2971 falsa
1441 2916 1638 2993 passim
1676 2915 1849 2970 citatio

114 3046 404 3122 irrepserit,
459 3046 593 3101 hanc
632 3067 761 3120 eg0,
818 3046 971 3100 simul
1015 3043 1318 3113 innotuerit,
1376 3042 1851 3120 supplementorum

116 3172 360 3229 fasciculo
399 3174 753 3247 corrigendam
792 3172 1002 3227 curabo·
