1964 3640
729 85 1199 142 PRAEFATIO.
1576 62 1579 64 ’
1790 95 1834 136 v

243 249 388 323 Quid
415 250 554 326 quod
591 248 706 304 huic
742 248 847 324 ipsi
884 246 1131 302 volumini
1169 247 1275 319 jam
1312 243 1726 320 supplementum
1752 256 1832 298 est

98 378 405 445 addendum,
447 397 602 451 quum
640 376 773 430 inter
809 373 1224 449 imprimendum,
1267 370 1407 445 quod
1443 369 1828 445 impedimentis

9 513 14 518 ’
94 523 215 559 03511
252 501 680 558 intercedentibus
720 514 822 554 tres
859 498 967 553 fere
1008 516 1170 553 annos
1209 496 1431 570 durayit,
1488 496 1673 550 iterum
1708 516 1826 571 per·

91 630 250 683 multa
306 642 457 704 atque
512 646 649 680 nova
702 624 1033 679 innotuerint.
1126 623 1398 679 Absolutis
1454 595 1609 697 igitur
1661 620 1825 675 tribus

89 754 230 809 hisce
281 752 658 818 voluminibuS,
720 749 859 804 illico
917 737 1392 824 supplementorum
1446 747 1717 804 fasciculus
1767 747 1824 801 in

86 880 310 934 medium
348 877 598 953 prodibit,
660 876 770 951 qui,
829 875 1073 951 quaead
1110 875 1308 951 priores
1349 889 1454 929 tres
1494 874 1688 930 classes
1729 873 1820 928 ad-

84 1006 253 1061 denda
291 1004 618 1073 videbuntur,
672 1001 973 1070 continebit,
1024 1021 1125 1077 quo
1165 1020 1372 1070 omneS,
1425 1002 1513 1076 qui
1549 1001 1649 1057 hoc
1686 1019 1819 1077 opus

79 1130 408 1209 possideant,
455 1130 537 1200 id,
586 1148 741 1205 quam
776 1129 887 1184 fieri
923 1134 1116 1204 potest,
1155 1126 1380 1183 habeant
1415 1125 1629 1203 plenum
1666 1139 1819 1202 atque

77 1257 375 1336 perfectum.

216 1512 340 1568 Jam
390 1512 528 1588 quod
575 1514 643 1568 ad
698 1513 870 1590 ipsum
924 1512 1061 1568 hunc
1118 1511 1524 1588 qualemcunque
1579 1507 1813 1562 laborem

70 1611 313 1715 pertinet,
376 1640 554 1715 paucis
603 1640 785 1695 docere
835 1661 1006 1695 meum
1052 1653 1195 1715 puto.
1271 1637 1489 1693 Praeter
1534 1633 1812 1710 diagnosin
1890 1633 1892 1643 ’

69 1766 240 1841 igitur,
274 1785 584 1842 synonyma,
626 1767 670 1820 si
710 1785 840 1842 quae
881 1767 1012 1821 scitu
1050 1766 1208 1840 digna
1232 1765 1541 1832 viderentur,
1579 1760 1809 1835 cujusvis

68 1892 277 1969 plantae
314 1892 396 1947 vel
441 1893 835 1968 descriptionem
886 1893 1195 1968 adjecimus,
1255 1892 1446 1968 quippe
1485 1910 1649 1965 quum
1698 1887 1806 1942 dia-

68 2039 256 2093 gnoses
293 2040 387 2095 per
422 2039 478 2074 se
515 2019 616 2076 hoc
655 2020 862 2095 quidem
896 2034 1144 2096 tempore,
1185 2039 1286 2094 quo
1313 2017 1627 2091 tam'ingens
1653 2013 1808 2090 plan-

67 2159 234 2200 tarum
280 2165 467 2220 agmen
510 2137 768 2221 repertum
816 2146 907 2215 sit,
938 2138 1099 2200 xnullo
1146 2146 1304 2200 modo
1343 2144 1497 2199 etiarn
1535 2140 1804 2196 sufficiant.

63 2271 186 2327 Hoc
232 2272 306 2326 ita
351 2291 465 2328 esse
508 2273 622 2348 ipse
669 2272 1082 2328 VVilldenowius
1132 2272 1264 2327 bene
1314 2269 1538 2325 sensisse
1588 2269 1804 2338 videtur,

67 2418 166 2474 quo
204 2398 276 2468 fit,
314 2411 369 2453 ut
405 2399 635 2454 maxime
672 2400 727 2454 in
766 2398 1139 2475 posterioribus
1180 2396 1350 2473 operis
1389 2398 1505 2471 ejus
1532 2394 1801 2451 volumini-

63 2525 160 2579 bus
203 2524 395 2580 multae
440 2527 547 2600 jam
601 2525 811 2602 plantae
862 2526 1187 2580 inveniantur
1247 2522 1546 2598 descriptae.
1625 2521 1803 2595 Quam

65 2649 222 2724 longa
271 2671 393 2706 vero
444 2672 535 2707 seu
584 2672 738 2727 quam
782 2652 939 2728 plena
984 2650 1258 2727 descriptio
1308 2650 1410 2704 ista
1448 2670 1560 2704 esse
1599 2648 1800 2715 debeat,

63 2775 161 2831 hac
197 2777 259 2831 de
295 2799 351 2832 re
389 2790 515 2854 puto
553 2777 691 2833 haud
729 2778 827 2834 sibi
876 2778 1262 2857 respondebunt
1306 2776 1479 2851 utique
1518 2774 1799 2829 Botanico-

63 2918 178 2956 rum
225 2902 508 2978 opiniones.
602 2904 865 2980 Equidem
907 2903 1303 2980 descriptionem
1347 2921 1613 2978 nunquam
1667 2900 1798 2955 satis

65 3046 157 3081 seu
194 3026 275 3081 vel
313 3029 462 3083 nimis
503 3031 711 3105 plenam
749 3032 858 3103 fieri
897 3031 1132 3101 dixerim,
1182 3044 1236 3086 at
1270 3051 1392 3086 vero
1431 3028 1709 3083 admodum
1744 3024 1800 3080 in

59 3153 277 3227 longum
314 3156 582 3228 protractis
622 3158 1054 3233 descriptionibus
1093 3157 1191 3215 hoc
1228 3157 1395 3233 ipsum
1422 3173 1568 3232 οΡ115,
1607 3151 1798 3229 quippe

66 3280 205 3353 quod
243 3298 348 3334 non
387 3279 554 3334 solum
589 3303 757 3338 rerum
793 3298 1032 3341 notarum
1070 3284 1505 3341 enumerationem
1534 3278 1798 3357 praebere,
1862 3327 1864 3330 ,
1896 3332 1901 3335 .
