1964 3640
476 86 912 175 MONANDRIA
947 79 1411 140 MONOGYNIA.
1482 139 1484 141 ,
1747 85 1817 137 95

112 300 123 304 ,
172 250 229 297 Ε.
262 248 451 312 pumila
495 248 677 312 Bonpl.
723 249 868 296 I-Iort.
918 243 1158 311 Malmais,
1204 260 1250 303 p.
1284 242 1364 294 95.
1411 241 1592 307 Humb.
1637 241 1819 304 Bonpl.

268 322 319 360 et
351 315 538 361 Knnth.
572 331 687 361 nov.
724 330 829 373 gen.
865 319 914 359 et
949 328 1019 374 sp.
1046 311 1093 363 6.
1127 326 1173 372 p.
1198 308 1275 359 95.
1323 305 1514 354 Kunth.
1547 312 1654 369 syn.
1681 309 1729 356 3.
1769 324 1819 367 p.

270 380 402 429 3895
418 382 587 427 Rocm.
623 385 673 424 et
704 378 819 427 Sch.
856 384 973 440 syst.
1008 392 1114 437 veg.
1148 380 1304 422 mant.
1330 373 1377 421 1.
1415 388 1460 434 p.
1488 371 1568 421 50.
1603 380 1752 419 mant.
1773 373 1819 419 2.

266 446 376 491 add.
410 446 453 493 1.
500 463 542 505 p.
573 442 650 494 74.
688 444 764 489 De
801 442 957 490 Cand.
994 440 1139 488 Prod.
1168 442 1212 489 3.
1254 456 1301 502 p.
1327 438 1404 487 62.

170 509 375 556 Habitat
408 512 458 556 in
492 509 688 557 Mcxico
731 513 799 565 Θ.

73 601 124 656 6.
162 603 434 657 LOPEZIA
477 586 958 675 integrifolicz.

169 695 225 741 L.
262 695 399 741 caule
434 693 603 755 glabro
639 691 900 745 herbaceo,
934 687 1064 734 foliis
1100 687 1303 733 alternis
1333 687 1820 735 ovato—lanceolatis

267 760 496 820 utrinque
530 755 813 802 acuminatis
847 752 1203 814 integerrimis,
1245 753 1452 798 racemis
1488 754 1682 801 foliosis
1714 762 1824 801 ter-

267 824 537 869 mimalibus.

172 890 228 935 L.
265 887 560 949 intcgrisolia
594 886 680 933 De.
706 882 860 929 Cand.
891 880 1039 929 Prod.
1065 882 1110 930 3.
1144 897 1192 944 p.
1218 880 1295 930 62.

177 953 382 1000 Habitat.
413 953 464 996 in
498 950 692 997 Mexico
728 954 798 1007 Θ.

279 1015 435 1060 Caulis
459 1015 721 1071 ungulatus.
783 1010 953 1055 Potioli
984 1010 1233 1056 inferiores
1267 1013 1390 1054 ultra
1420 1011 1643 1068 pollicem
1671 1013 1821 1071 longi.

165 1075 350 1117 Stamen
387 1073 542 1116 sterile
583 1070 953 1129 (parapetalum)
997 1069 1175 1112 album.
1246 1069 1379 1113 Folia
1408 1069 1711 1127 integerrima
1742 1079 1823 1116 aut

159 1131 247 1177 vix
276 1130 572 1185 subsinuata,
606 1144 692 1173 nec
724 1137 911 1174 serrata.

623 1255 710 1307 26.
752 1252 1276 1307 CALLISTHENE.

71 1356 229 1422 Calyx
276 1356 644 1420 pentaphyllus,
698 1354 924 1418 phyllum
968 1371 1250 1415 supremum
1304 1352 1570 1401 maximum
1604 1356 1826 1403 calcara-

202 1429 326 1473 tnm.
365 1423 585 1469 Petalnm
610 1421 828 1470 unicum.
865 1421 1196 1467 Filamcntum
1223 1421 1437 1465 unicum.
1473 1419 1684 1483 Capsula
1709 1438 1822 1468 cor-

199 1487 362 1545 ticata,
384 1488 568 1534 cortice
591 1484 933 1545 irregulariter
952 1485 1207 1539 solvendo,
1234 1483 1561 1542 trilocularis.
1581 1485 1823 1545 trivahzis,

201 1552 409 1600 valvulis
452 1554 635 1615 absque
671 1546 1046 1613 dissepimento,
1089 1548 1265 1595 loculis
1311 1549 1590 1596 mono—vel
1624 1550 1823 1612 disper-

202 1620 310 1668 mis.
354 1618 548 1664 Semina
574 1615 936 1680 spermophoro
964 1614 1172 1662 centrali
1203 1613 1626 1677 longitudinaliter
1658 1616 1820 1663 affixa.

10 1743 21 1762 ι
77 1724 126 1768 1.
167 1714 607 1766 CALLISTHENE
647 1710 878 1783 major.

170 1807 226 1854 C.
263 1806 458 1869 glabra,
505 1804 638 1852 foliis
673 1803 906 1868 ellipticis
940 1804 1019 1853 vel
1053 1801 1484 1866 ovato—oblongis
1519 1803 1708 1850 obtusis
1740 1803 1824 1853 vel

274 1872 444 1917 acutis.

171 1937 228 1984 G.
261 1937 418 1996 major
456 1937 611 1984 Mart.
647 1951 759 1982 nov.
798 1950 905 1997 gen.
941 1941 990 1980 et
1025 1949 1097 1996 sp.
1143 1951 1188 1998 p.
1211 1931 1322 1984 124.
1357 1940 1392 1980 t.
1411 1933 1490 1985 75.
1557 1935 1636 1982 De
1669 1934 1823 1982 Cand.

270 2001 416 2048 Prod.
442 2003 485 2050 3.
525 2018 566 2062 p.
586 2000 664 2050 25.

168 2066 360 2126 Qualea
395 2064 606 2111 disticha
639 2068 840 2127 Spreng.
877 2071 992 2128 syst.
1025 2079 1135 2126 veg.
1169 2080 1272 2110 cur.
1315 2070 1445 2126 post.
1480 2081 1527 2127 p.
1547 2064 1623 2113 10.

174 2130 377 2178 Habitat
410 2130 461 2176 in
501 2130 709 2177 Brasiiia
747 2128 807 2192 Τ).

277 2193 433 2237 Arbor
476 2201 641 2240 10-15
683 2193 864 2251 pedalis
906 2201 950 2235 et
985 2192 1135 2236 altior.
1196 2192 1327 2236 Folia
1358 2191 1674 2247 subdisfficha,
1715 2192 1825 2238 bre-

160 2252 358 2296 vissime
412 2252 655 2309 petiolata,
716 2251 815 2295 basi
867 2251 1462 2304 subcordato-rotundata,
1510 2251 1822 2309 integerrima,

163 2310 334 2368 glabra,
370 2311 590 2367 pollicem
618 2314 755 2367 longa
774 2342 784 2362 ,
818 2307 930 2355 4-6
961 2310 1047 2352 lin.
1072 2312 1183 2353 lata.
1232 2310 1440 2366 Stipulae
1461 2309 1823 2368 minutissimae,

161 2369 391 2411 diciduae.
454 2371 613 2412 Flores
646 2369 851 2421 distichi,
891 2369 942 2410 in
976 2367 1135 2411 axillis
1168 2368 1391 2410 soliorum
1424 2368 1679 2421 solitariae,
1711 2368 1825 2412 bre-

160 2427 281 2471 viter
327 2426 649 2483 pedunculati.
727 2426 987 2469 Pedunculi
1027 2433 1135 2471 2-3
1177 2427 1260 2470 lin.
1295 2426 1452 2485 longi,
1497 2425 1599 2469 basi
1634 2425 1823 2471 bractea

161 2485 475 2528 minutissima
506 2485 698 2529 suffulti.
761 2486 910 2539 calyx
939 2484 1281 2539 flavo-virens,
1314 2485 1482 2542 phylla
1514 2493 1715 2543 quatuor
1745 2486 1826 2528 in-

162 2543 329 2584 feriora
366 2551 501 2587 ovata
532 2544 737 2596 minora,
773 2544 993 2601 quintum
1024 2545 1130 2600 plus
1164 2557 1306 2602 quam
1341 2543 1488 2599 duplo
1519 2543 1692 2598 majus,
1729 2546 1824 2587 late

163 2609 375 2653 ovatum,
411 2601 1009 2655 naviculari—concavum,
1057 2600 1157 2644 basi
1199 2601 1251 2642 in
1292 2604 1444 2643 calcar
1488 2600 1823 2646 brevissimum

164 2656 380 2700 obtusum
414 2658 672 2716 pubescens
705 2660 1003 2716 productum.
1063 2661 1275 2701 Petalum
1302 2658 1634 2712 obcordatum,
1676 2656 1705 2704 4
1736 2660 1823 2702 lin.

162 2718 379 2814 1⁰¹3g¹l¹m2
420 2723 454 2768 ,ὁ
493 2718 578 2761 lin.
621 2721 796 2771 latum,
856 2718 1029 2774 pallide
1075 2715 1280 2770 flavum»,
1345 2717 1536 2762 lineolis
1593 2717 1821 2762 coccineis

166 2781 278 2816 strio
302 2781 446 2817 atum.

78 2867 108 2912 [Ο

117 2858 607 2915 ,ΕΑΕΜΒΤΗΕΝΕ
647 2865 786 2916 min
799 2885 827 2915 0
840 2885 887 2916 r.

174 2955 228 3002 C.
261 2955 552 3017 pubescenS,
603 2957 733 3005 foliis
779 2956 1228 3020 lineari-oblongis
1276 2957 1466 3005 obtusis
1501 2957 1822 3022 glanduloso-

271 3022 588 3066 mucronatis.

169 3084 228 3132 C.
261 3084 435 3130 minor.
472 3087 619 3132 Mart.
654 3102 771 3137 nov.
801 3103 908 3150 gen.
944 3094 996 3133 et
1029 3103 1101 3151 sp.
1137 3105 1185 3151 p.
1212 3087 1322 3137 126.
1357 3095 1395 3134 t.
1418 3088 1494 3139 76.
1561 3090 1638 3134 De
1665 3088 1820 3135 Cand.

180 3166 182 3168 ·
271 3149 418 3196 Prod.
440 3151 484 3198 3.
518 3167 564 3212 p.
589 3150 666 3198 26.

170 3213 361 3276 Qualea
394 3215 556 3260 minor
589 3217 791 3277 Spreng.
827 3224 942 3280 syst.
976 3233 1084 3280 veg.
1119 3234 1221 3265 cur.
1249 3224 1378 3281 post.
1412 3234 1459 3281 p.
1480 3217 1556 3266 10.

173 3279 377 3326 Habitat
415 3280 466 3327 in
501 3279 708 3327 Brasilia
742 3279 804 3344 Τ).
