1964 3640
725 113 1194 182 PRAEFATIO.
1696 130 1703 142 ¹
1773 126 1831 167 lx

98 279 399 348 Blumii*);
465 298 617 353 quum
667 296 788 331 vero
839 293 997 350 opera
1041 274 1144 328 ista
1192 291 1420 327 crescere
1468 272 1697 327 nondum
1744 273 1831 330 de-

98 408 293 475 sierint,
333 403 597 479 complura
635 402 788 457 etiam
827 414 975 457 erunt
1012 421 1072 455 ex
1109 399 1173 454 iis
1213 397 1510 474 repetendai

236 658 547 713 Plantarum
584 673 689 707 non
726 652 1104 729 descriptarum
1148 671 1236 706 eas
1276 650 1604 707 solummodo
1643 653 1829 729 recepi,

96 804 223 862 quas
263 803 354 838 suo
393 794 622 855 tempore
659 779 714 833 in
750 777 899 831 horto
937 777 1181 833 botanico
1220 777 1462 834 florentes
1497 776 1827 854 deprehendi.

236 1028 518 1088 Praeterea
555 1031 870 1086 monendum
907 1028 1072 1086 adhuc
1109 1041 1204 1099 est,
1241 1050 1325 1085 me
1350 1029 1482 1086 bene
1507 1034 1724 1101 cavisse,
1762 1053 1828 1088 ne

79 1139 178 1217 ‘aut
214 1160 497 1236 specierum
535 1179 802 1213 numerum
839 1157 992 1211 nimis
1018 1177 1277 1236 augerem,
1317 1170 1420 1226 aut,
1460 1157 1597 1233 quod
1622 1158 1827 1232 gravius

90 1287 316 1355 videtur,
378 1306 442 1340 ne
495 1285 621 1360 quid
668 1296 858 1338 temere
903 1282 1110 1360 plantas
1156 1282 1550 1353 confunderem,
1613 1284 1717 1338 nisi
1764 1285 1828 1340 de

90 1432 306 1488 quarum
343 1411 608 1466 identitate
646 1411 820 1486 utique
859 1429 1031 1464 essem
1068 1430 1362 1485 persuasus·
1426 1410 1537 1466 Ubi
1574 1410 1656 1467 vel
1692 1411 1827 1468 ullus

86 1536 392 1593 dubitationi
446 1537 588 1593 locus
650 1534 1048 1611 relinqueretur,
1112 1555 1355 1611 separare
1409 1537 1616 1613 plantas
1671 1558 1824 1614 quarn

86 1663 397 1720 confundere
429 1664 605 1732 malui,
645 1662 899 1738 siquidem
932 1661 1098 1716 minus
1131 1674 1211 1716 est
1234 1663 1568 1730 incommodi,
1606 1664 1824 1720 eandem

84 1789 320 1870 plantam
355 1789 435 1845 bis
473 1790 716 1868 proponi,
756 1809 910 1864 quam
949 1787 1179 1844 diversas
1217 1789 1351 1845 inter
1388 1811 1444 1846 se
1483 1791 1744 1868 conjungi.

225 2043 348 2098 Jam
397 2063 522 2098 vero
572 2041 660 2098 ubi
709 2054 871 2096 totum
923 2062 1054 2118 opus
1103 2064 1166 2098 ex
1208 2043 1309 2099 fine
1358 2045 1539 2100 iterum
1595 2045 1820 2120 respicio

32 2149 35 2151 .
83 2182 240 2245 atque
278 2169 440 2225 oculis
482 2169 628 2244 quasi
665 2167 855 2236 lustro,
895 2168 1007 2244 ipse
1045 2169 1175 2224 hene
1214 2171 1405 2239 sentiO,
1450 2172 1614 2227 multa
1653 2162 1817 2241 aliter,

82 2294 242 2349 multa
279 2294 502 2350 fortasse
541 2294 722 2348 melius
761 2295 957 2349 institui
995 2295 1257 2372 potuisse3
1307 2298 1398 2353 sed
1434 2299 1544 2353 fieri
1580 2318 1686 2353 non
1722 2318 1816 2375 po-

81 2434 210 2490 test,
264 2422 388 2497 quin
426 2434 605 2476 auctor
640 2443 704 2476 ex
737 2421 850 2497 ipso
891 2422 1095 2475 demum
1135 2441 1315 2497 opere,
1357 2408 1628 2499 quidejus
1667 2444 1813 2480 man-

79 2569 194 2603 cum
233 2547 299 2602 sit
336 2560 487 2623 atque
526 2545 898 2624 imperfectum,
947 2561 1241 2621 cognoscat,
1281 2549 1453 2625 itaque
1495 2551 1640 2620 sciat,
1682 2569 1814 2627 quos

78 2672 417 2749 imposterum
466 2674 626 2728 vitare
676 2673 859 2728 debeat
897 2693 1118 2728 erroreS.
1193 2675 1282 2731 Sic
1319 2697 1416 2752 ego
1457 2697 1659 2754 quoque
1696 2676 1816 2732 huic

78 2799 297 2855 maxime
327 2794 572 2854 volumini
596 2800 970 2855 Botanicorum
1007 2799 1265 2875 imprecor
1301 2803 1505 2858 veniam
1542 2817 1695 2879 atque
1733 2803 1812 2859 in-

79 2922 420 2999 dulgentiam,
475 2925 584 2981 fore
633 2945 875 3001 speranS,
932 2938 988 2982 ut
1026 2945 1156 3002 quae
1194 2948 1314 2983 mox
1352 2943 1628 3006 sequentur
1665 2929 1813 2986 volu-

1687 3073 1718 3093 Χ

144 3232 190 3289 *)
222 3235 279 3276 In
318 3246 480 3292 genere
517 3236 812 3292 Peperomiae
853 3236 1033 3280 Blumii
1076 3250 1216 3296 opere
1255 3238 1326 3281 nti
1366 3237 1486 3281 mihi
1522 3251 1622 3283 non
1659 3237 1810 3294 licuit,

84 3327 105 3337 ‘
220 3320 272 3363 id
302 3320 429 3380 quod
460 3320 510 3362 in
539 3321 701 3379 Pipere
729 3330 888 3368 tamen
916 3323 1091 3368 factum
1119 3332 1203 3369 est.
