<?xml version="1.0" encoding="UTF-8"?>
<!DOCTYPE html PUBLIC "-//W3C//DTD XHTML 1.0 Transitional//EN"
    "http://www.w3.org/TR/xhtml1/DTD/xhtml1-transitional.dtd">
<html xmlns="http://www.w3.org/1999/xhtml" xml:lang="en" lang="en">
 <head>
  <title>
</title>
<meta http-equiv="Content-Type" content="text/html;charset=utf-8" />
  <meta name='ocr-system' content='tesseract 3.04.00' />
  <meta name='ocr-capabilities' content='ocr_page ocr_carea ocr_par ocr_line ocrx_word'/>
</head>
<body>
  <div class='ocr_page' id='page_1' title='image "./speciesplantarum01linn_0009.png"; bbox 0 0 1964 3640; ppageno 0'>
   <div class='ocr_carea' id='block_1_1' title="bbox 533 830 1374 905">
    <p class='ocr_par' dir='ltr' id='par_1_1' title="bbox 533 830 1374 905">
     <span class='ocr_line' id='line_1_1' title="bbox 533 830 1374 905; baseline -0.002 0"><span class='ocrx_word' id='word_1_1' title='bbox 533 830 1374 905; x_wconf 81' lang='lat' dir='ltr'><strong>PRAEFATIO.</strong></span> 
     </span>
    </p>
   </div>
   <div class='ocr_carea' id='block_1_2' title="bbox 81 1261 1824 2399">
    <p class='ocr_par' dir='ltr' id='par_1_2' title="bbox 81 1261 1824 2399">
     <span class='ocr_line' id='line_1_2' title="bbox 87 1261 1823 1389; baseline -0.002 -22"><span class='ocrx_word' id='word_1_2' title='bbox 87 1261 307 1368; x_wconf 80' lang='lat' dir='ltr'>Caroli</span> <span class='ocrx_word' id='word_1_3' title='bbox 343 1330 375 1367; x_wconf 90' lang='lat' dir='ltr'>a</span> <span class='ocrx_word' id='word_1_4' title='bbox 399 1311 572 1366; x_wconf 70' lang='lat' dir='ltr'>Linne</span> <span class='ocrx_word' id='word_1_5' title='bbox 600 1311 814 1389; x_wconf 85' lang='lat' dir='ltr'>Species</span> <span class='ocrx_word' id='word_1_6' title='bbox 839 1309 1139 1387; x_wconf 88' lang='lat' dir='ltr'>plantarum</span> <span class='ocrx_word' id='word_1_7' title='bbox 1168 1309 1332 1365; x_wconf 87' lang='lat' dir='ltr'>editae</span> <span class='ocrx_word' id='word_1_8' title='bbox 1360 1329 1390 1364; x_wconf 93' lang='lat' dir='ltr'>a</span> <span class='ocrx_word' id='word_1_9' title='bbox 1415 1307 1823 1378; x_wconf 81' lang='lat' dir='ltr'>Willdenoin,</span> 
     </span>
     <span class='ocr_line' id='line_1_3' title="bbox 87 1435 1824 1516; baseline -0.002 -22"><span class='ocrx_word' id='word_1_10' title='bbox 87 1460 182 1494; x_wconf 86' lang='lat' dir='ltr'>nec</span> <span class='ocrx_word' id='word_1_11' title='bbox 219 1452 393 1495; x_wconf 87' lang='lat' dir='ltr'>tamen</span> <span class='ocrx_word' id='word_1_12' title='bbox 429 1438 618 1508; x_wconf 86' lang='lat' dir='ltr'>finitae,</span> <span class='ocrx_word' id='word_1_13' title='bbox 657 1451 833 1516; x_wconf 84' lang='lat' dir='ltr'>utpote</span> <span class='ocrx_word' id='word_1_14' title='bbox 870 1451 1035 1493; x_wconf 87' lang='lat' dir='ltr'>morte</span> <span class='ocrx_word' id='word_1_15' title='bbox 1070 1437 1181 1511; x_wconf 84' lang='lat' dir='ltr'>ejus</span> <span class='ocrx_word' id='word_1_16' title='bbox 1207 1448 1535 1512; x_wconf 88' lang='lat' dir='ltr'>praematura</span> <span class='ocrx_word' id='word_1_17' title='bbox 1562 1449 1612 1491; x_wconf 85' lang='lat' dir='ltr'>et</span> <span class='ocrx_word' id='word_1_18' title='bbox 1638 1435 1824 1492; x_wconf 86' lang='lat' dir='ltr'>acerba</span> 
     </span>
     <span class='ocr_line' id='line_1_4' title="bbox 85 1563 1821 1639; baseline -0.001 -18"><span class='ocrx_word' id='word_1_19' title='bbox 85 1566 466 1635; x_wconf 83' lang='lat' dir='ltr'>interveniente,</span> <span class='ocrx_word' id='word_1_20' title='bbox 505 1579 613 1621; x_wconf 90' lang='lat' dir='ltr'>tam</span> <span class='ocrx_word' id='word_1_21' title='bbox 649 1564 866 1620; x_wconf 83' lang='lat' dir='ltr'>multum</span> <span class='ocrx_word' id='word_1_22' title='bbox 903 1563 1183 1619; x_wconf 88' lang='lat' dir='ltr'>multorum</span> <span class='ocrx_word' id='word_1_23' title='bbox 1221 1575 1428 1639; x_wconf 87' lang='lat' dir='ltr'>tamque</span> <span class='ocrx_word' id='word_1_24' title='bbox 1468 1564 1665 1638; x_wconf 83' lang='lat' dir='ltr'>justum</span> <span class='ocrx_word' id='word_1_25' title='bbox 1701 1583 1821 1619; x_wconf 88' lang='lat' dir='ltr'>nac—</span> 
     </span>
     <span class='ocr_line' id='line_1_5' title="bbox 83 1689 1821 1768; baseline -0.001 -22"><span class='ocrx_word' id='word_1_26' title='bbox 83 1703 167 1747; x_wconf 85' lang='lat' dir='ltr'>tae</span> <span class='ocrx_word' id='word_1_27' title='bbox 206 1705 325 1748; x_wconf 89' lang='lat' dir='ltr'>sunt</span> <span class='ocrx_word' id='word_1_28' title='bbox 363 1691 692 1768; x_wconf 81' lang='lat' dir='ltr'>applausum,</span> <span class='ocrx_word' id='word_1_29' title='bbox 731 1704 785 1746; x_wconf 86' lang='lat' dir='ltr'>ut</span> <span class='ocrx_word' id='word_1_30' title='bbox 821 1689 1153 1767; x_wconf 85' lang='lat' dir='ltr'>Bibliopola,</span> <span class='ocrx_word' id='word_1_31' title='bbox 1195 1689 1282 1766; x_wconf 87' lang='lat' dir='ltr'>qui</span> <span class='ocrx_word' id='word_1_32' title='bbox 1318 1689 1695 1766; x_wconf 84' lang='lat' dir='ltr'>imprimendas</span> <span class='ocrx_word' id='word_1_33' title='bbox 1734 1709 1821 1746; x_wconf 89' lang='lat' dir='ltr'>eas</span> 
     </span>
     <span class='ocr_line' id='line_1_6' title="bbox 85 1815 1822 1895; baseline -0.001 -23"><span class='ocrx_word' id='word_1_34' title='bbox 85 1831 410 1895; x_wconf 86' lang='lat' dir='ltr'>succeperat,</span> <span class='ocrx_word' id='word_1_35' title='bbox 472 1820 581 1893; x_wconf 83' lang='lat' dir='ltr'>jam</span> <span class='ocrx_word' id='word_1_36' title='bbox 631 1817 820 1874; x_wconf 88' lang='lat' dir='ltr'>dudum</span> <span class='ocrx_word' id='word_1_37' title='bbox 867 1820 1079 1894; x_wconf 78' lang='lat' dir='ltr'>plenam</span> <span class='ocrx_word' id='word_1_38' title='bbox 1116 1817 1334 1872; x_wconf 84' lang='lat' dir='ltr'><strong>reddere</strong></span> <span class='ocrx_word' id='word_1_39' title='bbox 1372 1815 1505 1872; x_wconf 89' lang='lat' dir='ltr'>hanc</span> <span class='ocrx_word' id='word_1_40' title='bbox 1543 1816 1822 1871; x_wconf 84' lang='lat' dir='ltr'>editionem</span> 
     </span>
     <span class='ocr_line' id='line_1_7' title="bbox 82 1941 1818 2018; baseline -0.002 -18"><span class='ocrx_word' id='word_1_41' title='bbox 82 1944 139 2000; x_wconf 89' lang='lat' dir='ltr'>in</span> <span class='ocrx_word' id='word_1_42' title='bbox 190 1943 363 1999; x_wconf 88' lang='lat' dir='ltr'>animo</span> <span class='ocrx_word' id='word_1_43' title='bbox 417 1943 644 1999; x_wconf 88' lang='lat' dir='ltr'>haberet.</span> <span class='ocrx_word' id='word_1_44' title='bbox 722 1942 894 2018; x_wconf 82' lang='lat' dir='ltr'>Quem</span> <span class='ocrx_word' id='word_1_45' title='bbox 952 1943 1159 2018; x_wconf 85' lang='lat' dir='ltr'>quidem</span> <span class='ocrx_word' id='word_1_46' title='bbox 1216 1943 1270 1998; x_wconf 88' lang='lat' dir='ltr'>in</span> <span class='ocrx_word' id='word_1_47' title='bbox 1326 1942 1481 1998; x_wconf 87' lang='lat' dir='ltr'>finem</span> <span class='ocrx_word' id='word_1_48' title='bbox 1530 1943 1608 1998; x_wconf 87' lang='lat' dir='ltr'>vir</span> <span class='ocrx_word' id='word_1_49' title='bbox 1658 1941 1818 1998; x_wconf 86' lang='lat' dir='ltr'>celeb.</span> 
     </span>
     <span class='ocr_line' id='line_1_8' title="bbox 82 2067 1817 2147; baseline -0.002 -21"><span class='ocrx_word' id='word_1_50' title='bbox 82 2069 225 2127; x_wconf 87' lang='lat' dir='ltr'>Link</span> <span class='ocrx_word' id='word_1_51' title='bbox 259 2076 448 2147; x_wconf 86' lang='lat' dir='ltr'>fungos</span> <span class='ocrx_word' id='word_1_52' title='bbox 487 2070 712 2126; x_wconf 89' lang='lat' dir='ltr'>minores</span> <span class='ocrx_word' id='word_1_53' title='bbox 750 2071 857 2145; x_wconf 87' lang='lat' dir='ltr'>jam</span> <span class='ocrx_word' id='word_1_54' title='bbox 894 2069 1248 2146; x_wconf 82' lang='lat' dir='ltr'>pertractavit,</span> <span class='ocrx_word' id='word_1_55' title='bbox 1288 2082 1338 2124; x_wconf 87' lang='lat' dir='ltr'>et</span> <span class='ocrx_word' id='word_1_56' title='bbox 1375 2068 1533 2124; x_wconf 85' lang='lat' dir='ltr'>celeb.</span> <span class='ocrx_word' id='word_1_57' title='bbox 1574 2067 1817 2125; x_wconf 89' lang='lat' dir='ltr'>Schwae-</span> 
     </span>
     <span class='ocr_line' id='line_1_9' title="bbox 82 2194 1817 2272; baseline -0.002 -19"><span class='ocrx_word' id='word_1_58' title='bbox 82 2196 291 2271; x_wconf 84' lang='lat' dir='ltr'>grichen</span> <span class='ocrx_word' id='word_1_59' title='bbox 326 2216 531 2253; x_wconf 89' lang='lat' dir='ltr'>muscos</span> <span class='ocrx_word' id='word_1_60' title='bbox 569 2195 775 2272; x_wconf 87' lang='lat' dir='ltr'>incepit,</span> <span class='ocrx_word' id='word_1_61' title='bbox 816 2215 944 2271; x_wconf 88' lang='lat' dir='ltr'>quos</span> <span class='ocrx_word' id='word_1_62' title='bbox 985 2195 1278 2251; x_wconf 87' lang='lat' dir='ltr'>absolutum</span> <span class='ocrx_word' id='word_1_63' title='bbox 1315 2194 1377 2249; x_wconf 90' lang='lat' dir='ltr'>iri</span> <span class='ocrx_word' id='word_1_64' title='bbox 1413 2195 1468 2249; x_wconf 89' lang='lat' dir='ltr'>in</span> <span class='ocrx_word' id='word_1_65' title='bbox 1507 2194 1613 2250; x_wconf 85' lang='lat' dir='ltr'>dies</span> <span class='ocrx_word' id='word_1_66' title='bbox 1641 2213 1817 2270; x_wconf 88' lang='lat' dir='ltr'>spera-</span> 
     </span>
     <span class='ocr_line' id='line_1_10' title="bbox 81 2320 1817 2399; baseline -0.002 -21"><span class='ocrx_word' id='word_1_67' title='bbox 81 2343 214 2379; x_wconf 78' lang='lat' dir='ltr'>mus,</span> <span class='ocrx_word' id='word_1_68' title='bbox 288 2323 360 2379; x_wconf 89' lang='lat' dir='ltr'>Et</span> <span class='ocrx_word' id='word_1_69' title='bbox 408 2323 454 2379; x_wconf 91' lang='lat' dir='ltr'>si</span> <span class='ocrx_word' id='word_1_70' title='bbox 502 2322 623 2399; x_wconf 86' lang='lat' dir='ltr'>quid</span> <span class='ocrx_word' id='word_1_71' title='bbox 673 2324 832 2378; x_wconf 89' lang='lat' dir='ltr'>etiam</span> <span class='ocrx_word' id='word_1_72' title='bbox 885 2322 1216 2392; x_wconf 84' lang='lat' dir='ltr'>disideretur,</span> <span class='ocrx_word' id='word_1_73' title='bbox 1278 2341 1385 2376; x_wconf 89' lang='lat' dir='ltr'>non</span> <span class='ocrx_word' id='word_1_74' title='bbox 1434 2321 1672 2390; x_wconf 87' lang='lat' dir='ltr'>deerunt,</span> <span class='ocrx_word' id='word_1_75' title='bbox 1732 2320 1817 2396; x_wconf 89' lang='lat' dir='ltr'>qui</span> 
     </span>
    </p>
   </div>
   <div class='ocr_carea' id='block_1_3' title="bbox 85 2449 839 2528">
    <p class='ocr_par' dir='ltr' id='par_1_3' title="bbox 85 2449 839 2528">
     <span class='ocr_line' id='line_1_11' title="bbox 85 2449 839 2528; baseline -0.001 -22"><span class='ocrx_word' id='word_1_76' title='bbox 85 2469 240 2526; x_wconf 88' lang='lat' dir='ltr'>quam</span> <span class='ocrx_word' id='word_1_77' title='bbox 276 2450 499 2528; x_wconf 86' lang='lat' dir='ltr'>primum</span> <span class='ocrx_word' id='word_1_78' title='bbox 537 2449 839 2526; x_wconf 86' lang='lat' dir='ltr'>suscipiant.</span> 
     </span>
    </p>
   </div>
   <div class='ocr_carea' id='block_1_4' title="bbox 81 2698 1815 3163">
    <p class='ocr_par' dir='ltr' id='par_1_4' title="bbox 81 2698 1815 3163">
     <span class='ocr_line' id='line_1_12' title="bbox 226 2698 1814 2782; baseline -0.007 -19"><span class='ocrx_word' id='word_1_79' title='bbox 226 2706 295 2763; x_wconf 85' lang='lat' dir='ltr'>At</span> <span class='ocrx_word' id='word_1_80' title='bbox 330 2723 453 2761; x_wconf 87' lang='lat' dir='ltr'>vero</span> <span class='ocrx_word' id='word_1_81' title='bbox 490 2704 572 2761; x_wconf 86' lang='lat' dir='ltr'>vel</span> <span class='ocrx_word' id='word_1_82' title='bbox 621 2704 845 2781; x_wconf 87' lang='lat' dir='ltr'>primum</span> <span class='ocrx_word' id='word_1_83' title='bbox 890 2705 1064 2782; x_wconf 89' lang='lat' dir='ltr'>operis</span> <span class='ocrx_word' id='word_1_84' title='bbox 1115 2703 1384 2771; x_wconf 86' lang='lat' dir='ltr'>volumen,</span> <span class='ocrx_word' id='word_1_85' title='bbox 1441 2698 1814 2757; x_wconf 83' lang='lat' dir='ltr'>Monandriam</span> 
     </span>
     <span class='ocr_line' id='line_1_13' title="bbox 81 2826 1815 2907; baseline -0.004 -20"><span class='ocrx_word' id='word_1_86' title='bbox 81 2838 133 2887; x_wconf 74' lang='lat' dir='ltr'>et</span> <span class='ocrx_word' id='word_1_87' title='bbox 177 2828 513 2888; x_wconf 87' lang='lat' dir='ltr'>Triandriam</span> <span class='ocrx_word' id='word_1_88' title='bbox 563 2832 833 2888; x_wconf 88' lang='lat' dir='ltr'>continens</span> <span class='ocrx_word' id='word_1_89' title='bbox 883 2830 1106 2900; x_wconf 81' lang='lat' dir='ltr'>classes,</span> <span class='ocrx_word' id='word_1_90' title='bbox 1175 2829 1523 2907; x_wconf 88' lang='lat' dir='ltr'>compluribus</span> <span class='ocrx_word' id='word_1_91' title='bbox 1567 2830 1680 2901; x_wconf 87' lang='lat' dir='ltr'>jam</span> <span class='ocrx_word' id='word_1_92' title='bbox 1723 2826 1815 2881; x_wconf 88' lang='lat' dir='ltr'>ab·</span> 
     </span>
     <span class='ocr_line' id='line_1_14' title="bbox 83 2952 1815 3037; baseline -0.005 -24"><span class='ocrx_word' id='word_1_93' title='bbox 83 2955 203 3013; x_wconf 85' lang='lat' dir='ltr'>hinc</span> <span class='ocrx_word' id='word_1_94' title='bbox 240 2956 390 3012; x_wconf 89' lang='lat' dir='ltr'>annis</span> <span class='ocrx_word' id='word_1_95' title='bbox 429 2957 743 3021; x_wconf 84' lang='lat' dir='ltr'>divenditum</span> <span class='ocrx_word' id='word_1_96' title='bbox 780 2972 870 3029; x_wconf 89' lang='lat' dir='ltr'>est,</span> <span class='ocrx_word' id='word_1_97' title='bbox 912 2979 1065 3037; x_wconf 87' lang='lat' dir='ltr'>quam</span> <span class='ocrx_word' id='word_1_98' title='bbox 1104 2960 1172 3015; x_wconf 91' lang='lat' dir='ltr'>ob</span> <span class='ocrx_word' id='word_1_99' title='bbox 1208 2979 1321 3014; x_wconf 89' lang='lat' dir='ltr'>rem</span> <span class='ocrx_word' id='word_1_100' title='bbox 1357 2974 1496 3013; x_wconf 89' lang='lat' dir='ltr'>nova</span> <span class='ocrx_word' id='word_1_101' title='bbox 1531 2952 1684 3026; x_wconf 82' lang='lat' dir='ltr'>hujus</span> <span class='ocrx_word' id='word_1_102' title='bbox 1723 2969 1815 3006; x_wconf 84' lang='lat' dir='ltr'>vo-</span> 
     </span>
     <span class='ocr_line' id='line_1_15' title="bbox 83 3058 1815 3163; baseline -0.003 -26"><span class='ocrx_word' id='word_1_103' title='bbox 83 3058 291 3146; x_wconf 79' lang='lat' dir='ltr'>luminis</span> <span class='ocrx_word' id='word_1_104' title='bbox 326 3083 480 3141; x_wconf 85' lang='lat' dir='ltr'>editio</span> <span class='ocrx_word' id='word_1_105' title='bbox 518 3099 627 3142; x_wconf 87' lang='lat' dir='ltr'>erat</span> <span class='ocrx_word' id='word_1_106' title='bbox 662 3086 993 3143; x_wconf 88' lang='lat' dir='ltr'>instituenda.</span> <span class='ocrx_word' id='word_1_107' title='bbox 1066 3084 1399 3162; x_wconf 81' lang='lat' dir='ltr'>Bibliopola,</span> <span class='ocrx_word' id='word_1_108' title='bbox 1457 3080 1536 3137; x_wconf 86' lang='lat' dir='ltr'>vir</span> <span class='ocrx_word' id='word_1_109' title='bbox 1571 3077 1815 3163; x_wconf 71' lang='lat' dir='ltr'>optimUS,</span> 
     </span>
    </p>
   </div>
   <div class='ocr_carea' id='block_1_5' title="bbox 83 3201 1816 3290">
    <p class='ocr_par' dir='ltr' id='par_1_5' title="bbox 83 3201 1816 3290">
     <span class='ocr_line' id='line_1_16' title="bbox 83 3201 1816 3290; baseline 0.008 -24"><span class='ocrx_word' id='word_1_110' title='bbox 83 3208 207 3267; x_wconf 84' lang='lat' dir='ltr'>mihi</span> <span class='ocrx_word' id='word_1_111' title='bbox 241 3209 340 3267; x_wconf 91' lang='lat' dir='ltr'>hoc</span> <span class='ocrx_word' id='word_1_112' title='bbox 379 3211 588 3289; x_wconf 86' lang='lat' dir='ltr'>quidem</span> <span class='ocrx_word' id='word_1_113' title='bbox 627 3213 804 3280; x_wconf 83' lang='lat' dir='ltr'>detulit</span> <span class='ocrx_word' id='word_1_114' title='bbox 840 3214 1119 3290; x_wconf 79' lang='lat' dir='ltr'>negotium,</span> <span class='ocrx_word' id='word_1_115' title='bbox 1158 3235 1255 3271; x_wconf 90' lang='lat' dir='ltr'>nec</span> <span class='ocrx_word' id='word_1_116' title='bbox 1290 3224 1463 3268; x_wconf 85' lang='lat' dir='ltr'>tamen</span> <span class='ocrx_word' id='word_1_117' title='bbox 1497 3226 1610 3283; x_wconf 71' lang='lat' dir='ltr'>ego,</span> <span class='ocrx_word' id='word_1_118' title='bbox 1649 3217 1705 3261; x_wconf 65' lang='lat' dir='ltr'>Ut</span> <span class='ocrx_word' id='word_1_119' title='bbox 1731 3201 1816 3279; x_wconf 64' lang='lat'>‘1¹¹3</span> 
     </span>
    </p>
   </div>
  </div>
 </body>
</html>
