1964 3640
132 85 201 133 ss
550 81 979 144 MONANDRIA
1016 80 1462 156 MoNoGYNIA.

143 242 189 283 1.
227 232 661 284 HALOCNEMUM
699 229 983 301 frutico
999 249 1161 281 sum.

241 332 301 377 H.
337 333 471 378 caule
503 331 768 385 fruticoso,
809 329 956 374 ramis
999 322 1232 390 oppositis
1280 329 1440 390 vagis,
1489 329 1697 378 fimbriis
1743 329 1855 376 laxe

333 394 518 440 adnatis
552 394 786 454 utrinque
816 392 947 437 haud
982 391 1392 452 prorninentibUS‚
1426 394 1569 455 spicis
1605 394 1854 455 elongatiS.

233 450 500 503 Salicornia
538 456 772 501 fruticosa
806 457 947 500 Brot.
981 455 1110 500 lusit.
1147 457 1191 502 1.
1238 473 1282 517 p.
1310 458 1384 505 18.
1421 458 1480 503 de
1515 458 1665 513 Cand.
1699 458 1854 504 franc.

334 523 380 570 3.
416 538 459 577 p.
488 522 599 569 397.
640 521 809 564 Roem.
847 526 895 564 et
929 518 1037 564 Sch.
1083 530 1194 580 syst.
1233 536 1336 575 νος.
1366 522 1411 569 1.
1458 538 1503 582 p.
1527 519 1602 570 40.
1636 529 1783 568 mant.
1810 522 1854 567 1.

330 600 378 645 Ρ.
399 584 476 631 56.
511 585 628 643 Lag.
662 582 711 626 in
747 584 947 628 Herrer.
982 583 1129 644 agric.
1163 601 1209 646 Ρ.
1237 584 1346 634 277.
1369 587 1503 631 Mert
1534 593 1584 631 et
1602 584 1756 633 Koch.
1782 584 1856 632 Fl.

330 663 477 707 germ.
503 647 545 692 1.
580 663 628 706 p.
657 646 765 695 293.
799 649 998 707 Spreng.
1033 654 1148 709 syst.
1183 664 1288 708 veg.
1314 650 1357 695 1.
1391 666 1437 711 p.
1465 650 1539 696 18.
1852 659 1856 662 ’

230 709 498 757 Salicornia
541 709 711 771 Alpini
743 712 860 770 Lag.
904 711 956 756 in
1009 712 1154 757 Herr.
1202 713 1348 773 agric.
1384 730 1429 775 p.
1452 714 1560 765 278.
1603 715 1772 761 Roem.
1806 717 1858 758 et

328 773 435 825 Sch.
472 779 585 832 syst.
621 789 731 834 veg.
766 781 913 820 mant.
942 775 989 822 1.
1025 792 1068 835 p.
1091 776 1168 825 58.

231 836 494 882 Salicornia
526 838 888 900 macrostachya
916 839 1185 885 Morieand.
1217 847 1378 888 venet.
1413 857 1461 904 p.
1490 841 1537 891 1.

233 900 341 946 Kali
373 902 410 953 I.
445 899 606 961 Alpin.
643 909 829 963 aegypt.
863 902 950 947 sol.
985 903 1065 952 50.

230 963 430 1010 Habitat
463 965 523 1009 ad
557 964 725 1010 littora
757 965 903 1011 maris
937 966 988 1011 in
1031 969 1236 1031 Europa
1281 967 1499 1028 australi,
1543 967 1711 1016 Africa
1742 983 1858 1030 sep-
1889 1018 1891 1021 ,

327 1027 621 1088 tentrionali‚
657 1031 894 1090 Aegypto.
938 1028 998 1092 Τ).
1734 1051 1737 1055 ·

337 1104 490 1148 Caulis
521 1103 621 1150 4-5
652 1106 759 1161 ped.
796 1101 932 1159 altus,>
964 1107 1063 1150 basi
1091 1122 1284 1160 crassus,
1324 1109 1546 1167 lignosus,
1579 1110 1851 1166 praedurus.

218 1162 350 1203 Rami
381 1163 545 1204 alterni
575 1164 730 1206 variae
761 1164 1069 1222 longitudinis
1100 1168 1377 1222 plerumque
1407 1166 1586 1219 arrecti,
1620 1167 1857 1209 interdum

220 1219 384 1282 patuli,
429 1227 592 1262 teretes
638 1228 683 1262 et
729 1223 898 1262 cortice
954 1223 1199 1265 exsiccato.
1262 1223 1528 1265 Iuternodia
1573 1238 1770 1279 superne
1814 1232 1859 1267 et

219 1276 403 1332 juniora
432 1275 659 1327 breviora,
693 1291 894 1330 carnosa,
926 1278 1108 1321 fimbria
1151 1283 1262 1322 laxa
1302 1279 1521 1337 utrinque
1555 1296 1719 1336 parum
1749 1295 1861 1337 pro-

208 1333 439 1376 ‘minente
485 1333 647 1390 Spicae
680 1349 814 1391 saepe
844 1339 1133 1394 praelongae.
1166 1343 1261 1381 2-3
1293 1340 1406 1393 poll.
1438 1340 1616 1394 longae,
1650 1341 1859 1394 plerum-

219 1404 313 1448 que
345 1390 527 1434 sessiles
557 1399 637 1434 aut
666 1392 929 1435 internodio
960 1408 1058 1436 non
1087 1393 1278 1436 florente
1321 1395 1677 1450 pedunculatae.
1721 1396 1862 1450 caly-

220 1460 297 1490 ces
338 1448 452 1489 laxi.

335 1508 498 1547 Planta
561 1519 668 1548 cum
725 1506 979 1549 Salicornia
1033 1507 1253 1550 fruticosa
1301 1515 1345 1549 et
1402 1509 1448 1551 S.
1501 1507 1727 1551 herbacea
1775 1521 1861 1564 pe-

219 1569 441 1603 rennante
485 1561 542 1602 ab
582 1563 864 1606 Auctoribus
908 1564 1122 1616 confusa,
1165 1565 1216 1605 in
1254 1566 1438 1620 Europa
1475 1565 1665 1606 australi
1695 1567 1861 1621 Vulga—

219 1617 410 1659 tissima.
472 1619 636 1661 Omnia
676 1635 793 1677 quae
827 1620 930 1663 *vidi
980 1621 1233 1676 specimina
1264 1635 1289 1662 e
1318 1621 1575 1673 Lusitania,
1619 1621 1859 1676 Hispania,

223 1675 383 1726 Gallia,
416 1675 547 1717 Italia
578 1684 622 1717 et
660 1678 892 1735 Aegypto,
936 1678 1073 1733 hujus
1119 1678 1212 1721 loci
1243 1686 1365 1720 sunt.
1395 1703 1453 1711 —-
1488 1678 1744 1721 Salicornia
1775 1693 1860 1719 an—

222 1744 329 1786 ceps
371 1739 415 1773 et
453 1742 723 1776 mucronata
758 1738 866 1792 Lag.
911 1735 963 1778 in
1007 1738 1187 1779 Herrer.
1228 1735 1369 1794 agric.
1410 1750 1458 1793 p.
1488 1741 1588 1781 280.
1628 1750 1688 1778 an
1717 1734 1859 1792 hujus

219 1788 329 1831 loci.
364 1788 522 1844 (Link.
538 1793 650 1845 MS.)

136 1926 190 1978 2.
228 1924 663 1980 HALOCNEMUM
701 1949 726 1979 s
742 1938 849 1981 tro
865 1929 1005 1982 bila
1020 1950 1220 1984 ceum.

233 2026 292 2071 H.
329 2026 470 2071 caule
503 2027 765 2084 fruticoso,
809 2029 956 2075 ramis
1006 2030 1380 2092 approximatis,
1412 2029 1557 2091 spicis
1592 2029 1859 2076 decussatis

330 2089 679 2151 approximatis
714 2094 953 2150 brevibus,
987 2093 1277 2140 internodiis
1308 2094 1613 2142 ,florentibus
1649 2093 1862 2157 aequali-

330 2155 422 2199 bus
443 2162 503 2199 et
534 2157 881 2218 inaequalibus.

236 2218 297 2263 H.
333 2218 673 2265 strobilaceum
708 2221 894 2268 Marsh.
928 2222 1035 2267 ΒΗ).
1071 2239 1204 2268 cauo.
1240 2225 1283 2272 3.
1318 2239 1364 2284 p.
1387 2224 1431 2277 3.
1464 2224 1632 2269 Roem.
1667 2228 1716 2267 ct
1748 2221 1857 2267 Sch.

333 2289 446 2343 syst.
481 2299 585 2343 veg.
624 2293 772 2330 mant.
800 2287 842 2332 1.
876 2300 923 2344 Ρ.
950 2286 1025 2333 61.
1060 2289 1257 2348 Spreng.
1291 2295 1407 2346 syst.
1445 2301 1550 2345 veg.
1577 2287 1619 2332 1.
1647 2302 1690 2345 p.
1716 2286 1791 2333 19.

235 2345 501 2403 Salicoruia
547 2348 836 2393 strobilacea
878 2349 1051 2396 Willd.
1100 2367 1170 2411 sp.
1206 2350 1270 2412 pl.
1305 2350 1349 2396 1.
1386 2365 1438 2411 Ρ.
1465 2349 1540 2398 35.
1575 2349 1694 2395 Pall.
1734 2351 1785 2393 it.
1814 2349 1856 2396 1.

275 2434 277 2436 ·
329 2425 378 2470 Ρ.
410 2407 518 2457 481.
553 2428 660 2472 app.
697 2427 743 2456 n.
773 2414 848 2460 91.
873 2420 907 2456 t.
936 2414 988 2457 B.
1020 2413 1054 2457 f.
1081 2414 1121 2460 1.
1150 2415 1198 2462 2.
1225 2413 1294 2458 ill.
1321 2415 1362 2459 1.
1404 2431 1449 2475 p.
1475 2417 1523 2462 9.
1559 2422 1593 2458 t.
1615 2411 1659 2461 4.
1696 2413 1856 2458 Gmel.

335 2473 424 2520 sib.
458 2476 501 2522 3.
539 2491 584 2535 Ρ.
619 2476 662 2522 8.
697 2483 730 2520 t.
761 2477 801 2522 1.
830 2476 865 2520 f.
894 2477 935 2522 1.
980 2477 1193 2522 Marsch.
1235 2478 1346 2526 Bib.
1377 2478 1419 2524 1.
1452 2495 1497 2540 p.
1519 2478 1562 2524 2.
1605 2479 1776 2525 Roem.
1810 2483 1861 2523 et

288 2560 291 2561 ⁷
334 2536 442 2583 Seh.
476 2545 590 2599 syst.
626 2555 729 2600 veg.
759 2541 799 2586 1.
825 2557 871 2602 Ρ.
898 2538 973 2588 40.

236 2599 346 2647 Kali
380 2603 696 2648 arborescens
716 2603 818 2657 sine
843 2604 1073 2663 geniculis
1097 2605 1253 2654 Buxb.
1279 2612 1404 2651 cent.
1424 2606 1466 2652 1.
1483 2621 1530 2666 p.
1555 2605 1598 2653 6.
1623 2612 1656 2650 t.
1675 2606 1748 2654 10.
1765 2604 1796 2650 f.
1815 2605 1860 2652 2.

236 2665 436 2710 Habitat
468 2665 527 2713 ad
561 2666 696 2711 lacus
729 2669 880 2717 salsos
914 2668 1138 2724 Tauriae,
1172 2676 1222 2714 et
1253 2670 1313 2714 ad
1346 2686 1482 2716 mare
1516 2669 1775 2732 caspicum.
1798 2668 1859 2732 ’5.

340 2745 509 2785 Frutex
548 2744 774 2787 humilior
815 2759 866 2787 ac
907 2745 1198 2802 praecedens,
1244 2747 1387 2790 ramis
1426 2747 1584 2791 multis
1621 2746 1859 2799 brevibus,

225 2798 427 2901 iunlikofes
459 2800 542 2900 tloti
573 2801 713 2857 spicis
744 2803 868 2845 tecti.
898 2804 1166 2846 Internodia
1195 2805 1330 2848 facile
1360 2805 1666 2849 exsiccantur.
1699 2805 1862 2862 Spicae

227 2864 289 2901 3-
377 2873 437 2899 m.
481 2872 648 2917 ongae.

139 3003 187 3044 3.
226 2994 659 3047 HALOCNEMUM
702 3016 730 3047 c
745 3016 778 3049 a
791 3016 864 3066 sp
879 2997 938 3051 ic,
952 3017 1076 3051 um.

233 3095 294 3139 H.
330 3095 469 3140 caule
503 3095 761 3152 fruticosa,
802 3097 950 3142 ramis
995 3096 1231 3158 oppositis
1277 3097 1428 3159 vagis,
1472 3096 1675 3144 fimbriis
1722 3104 1858 3142 arcte

333 3159 521 3204 adnatis
590 3175 798 3220 superne
854 3166 904 3204 et
956 3161 1186 3224 utrinque
1243 3162 1661 3225 prominentibus,
1715 3161 1858 3226 spicis

328 3222 640 3284 longiusculis
675 3222 1001 3270 filisormibus.
