1964 3640
110 117 182 187 VI*
667 171 670 174 g
724 99 1181 157 PRAEFATIO.

114 261 202 314 sed
241 261 394 314 etiam
432 259 648 314 aliorum
686 280 899 334 operum
935 276 1109 321 usum,
1149 274 1278 328 quae
1315 266 1526 330 propter
1563 255 1824 311 caritatem

113 385 298 458 majori
341 383 709 438 Botanicorum
757 380 888 457 parti
938 378 1309 445 subducuntur,
1374 377 1521 452 quasi
1568 392 1828 452 praestare

115 510 322 574 debeat,
362 509 459 562 hoc
496 509 666 582 ipsum
704 505 816 558 dico
856 518 982 579 opus
1019 522 1163 556 suam
1200 502 1433 577 perderet
1470 501 1720 571 indolem,
1759 503 1828 558 si-

118 633 321 707 quidem
359 632 518 685 nimia
555 632 856 682 instructum
900 627 1191 681 extensione
1240 624 1630 701 pauperioribus
1678 626 1830 680 nimis

76 757 256 811 *fieret
301 776 489 809 carum.
567 751 743 822 Quam
780 751 845 805 ob
884 772 991 806 rem
1037 771 1239 825 semper
1289 749 1459 803 studui
1504 748 1558 804 in
1606 750 1830 825 descrip-

117 879 336 932 tionibus
373 877 584 931 modum
622 889 792 930 tenere
830 888 880 929 et
917 888 1080 930 certos
1117 874 1331 949 denique
1371 873 1513 941 fineS,
1551 874 1594 928 si
1619 887 1668 928 et
1691 894 1832 930 meas

116 1002 276 1076 ipsius
317 1021 468 1075 quam
505 1000 615 1055 fieri
651 1013 830 1075 posset
863 1000 1044 1053 breves
1081 998 1320 1066 facerem,
1359 1011 1409 1052 et
1445 996 1663 1066 alienas,
1703 1018 1834 1073 quae

117 1126 436 1180 verbosiores
475 1125 780 1191 viderentur,
819 1124 874 1177 in
910 1124 1169 1199 epitomen
1206 1122 1507 1196 redigerem,
1554 1122 1628 1177 ita
1663 1136 1834 1179 tamen

118 1264 173 1305 ut
208 1250 351 1317 nihil,
394 1251 533 1325 quod
571 1250 786 1322 alicujus
827 1261 958 1303 esset
994 1249 1255 1316 momenti,
1304 1249 1636 1302 omitteretur.
1708 1247 1833 1302 Plu-

118 1375 275 1429 rimae
321 1388 493 1428 tamen
529 1374 910 1454 vdescriptiones
961 1372 1255 1427 immutatae
1302 1384 1535 1448 receptae
1589 1383 1731 1439 sunt,
1790 1372 1835 1426 si

119 1512 207 1553 aut
243 1498 394 1552 nimis
433 1497 618 1572 longae
656 1518 763 1551 non
801 1510 996 1564 essent,
1047 1510 1134 1550 aut
1171 1497 1216 1551 si
1254 1497 1459 1551 claritas
1497 1494 1726 1570 flagitare
1763 1496 1836 1550 vi-

122 1625 346 1691 deretur,
402 1634 458 1676 ut
503 1621 586 1677 vel
634 1643 694 1676 ex
730 1620 1046 1696 longioribus
1084 1621 1211 1675 nihil
1249 1622 1529 1696 ejiceretur.
1602 1624 1840 1675 Ceterum

121 1748 175 1801 in
211 1749 502 1801 universum
540 1746 628 1801 ubi
665 1746 859 1821 planta,
900 1748 962 1801 de
1001 1766 1102 1823 qua
1140 1759 1388 1821 ageretur,
1428 1758 1512 1800 aut
1536 1744 1689 1820 plane
1714 1744 1839 1798 mihi

122 1873 297 1945 ignota
346 1884 431 1926 aut
477 1893 585 1925 non
634 1871 758 1925 satis
808 1885 933 1926 nota
981 1884 1138 1939 esset,
1202 1883 1289 1925 aut
1335 1870 1379 1924 si
1415 1869 1692 1946 perfectam
1727 1871 1837 1943 ejus

125 1997 520 2070 descriptionem
556 1997 696 2072 apud
745 2009 1004 2051 auctorem
1049 1995 1271 2071 aliquem
1313 1994 1647 2063 invenissem,
1708 1994 1840 2049 hanc

124 2121 293 2195 ipsam
328 2143 420 2176 nec
456 2121 562 2174 ulla
596 2122 734 2175 facta
780 2122 1058 2175 mutatione
1110 2119 1301 2195 recepi,
1363 2120 1583 2175 auctoris
1634 2119 1839 2176 nomine

123 2244 258 2298 infra
296 2245 686 2320 descriptionem
723 2247 941 2319 adjectO,
981 2245 1032 2300 id
1059 2246 1198 2319 quod
1233 2245 1287 2298 in
1310 2244 1590 2318 Vocbysiis
1629 2256 1840 2312 tantum,

124 2368 178 2422 in
222 2389 406 2442 genere
451 2368 789 2444 Peperomiae
847 2382 896 2424 et
949 2368 1144 2443 passim
1190 2367 1243 2422 in
1291 2369 1458 2444 prima
1515 2368 1680 2424 classe
1735 2390 1840 2424 non

125 2493 226 2546 nisi
265 2514 435 2548 errore
473 2495 758 2568 neglectum
796 2507 894 2561 est,
950 2493 1035 2547 ubi
1083 2505 1253 2546 tamen
1292 2514 1350 2547 ex
1389 2493 1709 2548 citationibus
1749 2493 1839 2548 ad-

127 2617 323 2691 spersis
370 2617 518 2673 facile
576 2619 931 2694 descriptionis
981 2605 1181 2692 quoque
1231 2631 1488 2672 auctorem
1537 2635 1840 2692 cognoscere

126 2742 308 2797 licebit.
396 2742 601 2814 Quodsi
656 2744 870 2798 aliorum
927 2742 1199 2817 descriptio
1249 2716 1523 2796 mihiinon
1570 2742 1840 2812 sufficeret,

125 2880 213 2921 aut
256 2867 455 2922 occasio
504 2868 679 2923 oblata
726 2881 861 2924 esset
897 2867 1131 2943 plantam
1170 2867 1393 2941 aliquam
1429 2879 1514 2920 aut
1551 2867 1720 2921 vivam
1756 2882 1843 2922 aut

130 2993 360 3068 exemplo
397 2991 622 3068 perfecto
661 2992 901 3047 siccatam
938 2991 1276 3059 examinandi,
1313 3011 1501 3044 novam
1538 2991 1591 3046 in
1619 2993 1840 3047 medium

131 3117 249 3171 dedi
289 3118 708 3193 descriptionem,
769 3135 897 3193 quae
946 3130 1052 3172 tum
1090 3116 1295 3192 quidem
1332 3114 1473 3171 nullo
1511 3116 1708 3189 adjecto
1746 3134 1839 3168 no-

129 3241 260 3296 mine
301 3242 709 3318 deprehenditur.
